1266 1902
178 71 239 101 112
627 71 690 97 XIV
709 75 723 96 2

176 153 268 182 cunia
295 152 379 192 apud
403 152 537 183 iudicem
562 152 720 192 privatum
744 153 810 194 agi,
837 163 901 183 non
924 153 1007 193 apud
1031 163 1174 183 censores

176 196 213 226 de
237 196 386 227 moribus.

150 252 164 274 9
243 240 331 270 Tunc
354 240 398 270 ibi
422 240 515 270 amici
540 240 610 279 mei,
635 251 713 280 quos
737 251 920 282 rogaveram
945 241 977 271 'm
999 241 1175 279 consilium,

176 284 235 314 viri
268 284 430 314 exercitati
460 286 554 324 atque
587 285 620 314 in
652 285 834 324 patrociniis
864 287 894 315 et
922 285 955 315 in
983 285 1086 325 operis
1115 284 1175 315 fori

176 328 314 359 celebres
352 339 537 368 semperque
572 339 604 359 se
637 329 895 368 circumundique
928 328 1175 359 distrahentibus
1203 342 1214 361 5

177 373 278 403 causis
302 372 499 412 festinantes,
523 383 587 403 non
611 372 778 404 sedendum
805 373 922 403 diutius
946 384 982 404 ac
1004 373 1085 403 nihil
1108 383 1175 403 esse

177 416 305 447 dubium
331 416 490 456 dicebant,
518 417 595 455 quin
619 417 827 447 absolvendus
850 417 946 457 foret,
974 428 1066 457 quem
1091 427 1175 447 acce-

176 461 259 501 pisse
293 461 458 500 pecuniam
491 461 578 491 nulla
609 460 795 501 probatione
824 461 968 492 sollemni
997 460 1175 491 docebatur.

133 516 165 539 10
178 504 238 535 Sed
271 505 354 535 enim
387 515 446 545 ego
479 505 622 535 homiues
655 515 725 536 cum
759 505 1007 545 considerabam,
1042 505 1175 535 alterum

177 549 263 588 fidei,
287 549 420 579 alterum
445 549 552 588 probri
577 549 705 589 plenum
729 550 1010 589 spurcissimaeque
1034 549 1117 579 vitae
1140 559 1176 580 ac
1192 563 1216 582 10

177 593 454 632 defamatissimae,
480 604 678 633 nequaquam
702 593 814 624 adduci
838 593 927 633 potui
951 593 990 624 ad
1014 593 1176 624 absolven-

135 649 163 670 11
178 637 260 667 dum.
302 636 383 667 Iussi
408 637 505 678 igitur
529 637 609 668 diem
635 637 755 668 diffindi
777 640 871 677 atque
891 637 962 668 inde
982 649 999 668 a
1019 637 1176 668 subselliis

178 692 274 722 pergo
303 681 348 711 ire
376 682 415 711 ad
438 681 663 712 Favorinum
692 681 931 722 philosophum,
959 692 1052 721 quem
1080 682 1113 712 in
1139 692 1175 712 eo

177 728 319 766 tempore
338 725 459 756 Romae
482 726 654 765 plurimum
679 726 827 765 sectabar,
851 728 945 765 atque
969 726 997 756 ei
1021 725 1059 756 de
1083 736 1176 756 causa

177 780 213 800 ac
238 770 275 800 de
298 769 480 800 hominibus
505 780 585 809 quae
608 770 691 810 apud
715 781 764 800 me
788 770 871 801 dicta
894 770 1032 809 fuerant,
1057 770 1104 800 uti
1127 780 1175 800 res
1191 783 1215 802 15

178 816 257 853 erat,
285 824 376 844 narro
403 814 507 844 omnia
531 816 562 844 et
585 816 672 854 peto,
700 816 734 844 ut
758 816 788 845 et
812 814 915 854 ipsum
940 814 1031 853 illud,
1057 814 1090 844 in
1113 824 1175 854 quo

177 858 353 897 haerebam,
373 860 403 888 et
423 860 526 889 cetera
546 858 650 897 etiam,
669 869 748 898 quae
768 858 960 888 observanda
979 858 1057 888 mihi
1073 858 1177 888 forent

178 903 210 933 in
239 902 345 933 officio
374 902 499 941 iudicis,
527 902 643 933 faceret
669 913 731 942 me,
759 904 794 933 ut
818 913 924 933 earum
948 913 1051 932 rerum
1077 913 1175 932 essem

178 947 369 987 prudentior.

136 1001 166 1023 12
244 990 324 1021 Tum
362 990 571 1021 Favorinus
612 990 763 1031 religione
804 990 859 1021 illa
899 990 1109 1021 cunctationis
1146 993 1177 1021 et
1192 1003 1216 1022 20

179 1034 401 1066 sollicitudinis
429 1037 555 1065 nostrae
584 1034 788 1075 conprobata:
822 1035 864 1065 ‘id
894 1034 1043 1075 quidem‚'
1073 1035 1177 1074 inquit

179 1080 285 1119 ‘super
313 1090 375 1119 quo
404 1090 488 1110 nunc
517 1079 683 1119 deliberas,
711 1079 808 1109 videri
834 1080 939 1119 potest
963 1079 1065 1118 specie
1089 1079 1176 1109 tenui

178 1134 337 1164 parvaque
361 1134 435 1153 esse.
479 1122 537 1153 Sed
564 1123 589 1153 si
614 1123 650 1153 de
675 1123 759 1153 omni
784 1133 909 1163 quoque
934 1123 1039 1153 officio
1064 1123 1176 1154 iudicis

178 1168 298 1207 praeire
322 1167 381 1198 tibi
405 1178 454 1197 me
478 1168 535 1207 vis,
558 1178 756 1207 nequaquam
781 1169 828 1197 est
852 1166 901 1197 vel
924 1167 985 1197 loci
1010 1166 1103 1197 huius
1127 1167 1176 1197 vel

136 1221 166 1244 13
178 1211 343 1251 temporis3
376 1213 423 1242 est
452 1212 535 1241 enim
564 1211 749 1251 disceptatio
777 1211 837 1241 ista
865 1211 1051 1251 multiiugae
1080 1213 1110 1241 et
1138 1211 1177 1241 si-
1192 1223 1216 1242 25
1261 1220 1264 1233 ³

178 1266 295 1286 nuosae
320 1256 512 1295 quaestionis
537 1256 698 1295 multaque
722 1257 753 1286 et
776 1255 870 1286 anxia
894 1265 968 1285 cura
992 1257 1022 1285 et
1046 1255 1176 1285 circum-

135 1310 167 1332 14
179 1300 343 1340 spicientia
367 1299 520 1340 indigens
561 1299 707 1339 Namque
730 1301 765 1329 ut
786 1310 886 1339 pauca
905 1299 963 1329 tibi
982 1310 1066 1330 nunc
1086 1310 1177 1339 quae-

179 1344 317 1374 stionum
351 1344 454 1383 capita
483 1344 659 1384 adtingam,
691 1344 752 1374 iam
782 1343 923 1373 omnium
952 1343 1089 1383 primum
1116 1343 1177 1374 hoc

179 1388 216 1418 de
248 1388 360 1419 iudicis
394 1388 498 1418 officio
533 1388 705 1428 quaeritur:
739 1387 764 1417 si
797 1387 890 1417 iudex
921 1388 1002 1417 forte
1031 1387 1062 1417 id
1091 1387 1177 1426 sciat,

179 1443 273 1472 super
305 1443 366 1471 qua
394 1443 427 1463 re
455 1433 538 1472 apud
567 1443 638 1463 eum
666 1432 821 1472 litigatur,
855 1442 953 1471 eaque
980 1442 1029 1462 res
1057 1431 1111 1461 uni
1141 1432 1177 1471 ei,
1191 1443 1216 1463 ao
1258 1450 1261 1454 ·

179 1477 363 1516 priusquam
387 1476 438 1517 agi
463 1479 575 1516 coepta
598 1478 653 1507 aut
676 1476 709 1506 in
731 1476 882 1506 iudicium
907 1475 1040 1506 deducta
1064 1475 1113 1514 sit,
1139 1486 1176 1505 ex

178 1521 240 1550 alio
266 1520 400 1559 quodam
425 1521 554 1561 negotio
579 1531 715 1560 casuque
733 1520 839 1559 aliquo
860 1520 987 1560 cognita
1005 1519 1126 1559 liquido
1147 1521 1177 1550 et

251 1610 281 1631 12
301 1606 403 1639 Dig.11
420 1610 459 1639 11,
476 1610 498 1639 2,
515 1610 529 1631 3

249 1681 264 1703 4
284 1678 342 1703 iure
358 1684 399 1709 (err
414 1677 470 1709 iur)
486 1677 600 1703 excitati
616 1679 636 1705 Q
649 1679 658 1710 ΙΙ
674 1680 705 1702 13
724 1676 752 1702 in
767 1685 827 1702 meo
844 1679 863 1705 Q
877 1678 885 1710 11
901 1680 933 1702 14
948 1678 1030 1709 atque
1046 1692 1077 1695 —
1094 1684 1177 1702 causa

178 1722 226 1739 omi
243 1722 261 1746 γ
275 1715 282 1746 ΙΙ
300 1716 330 1738 15
350 1713 476 1738 omnibus
496 1721 511 1738 σ
525 1715 533 1745 ΙΙ
549 1716 580 1738 16
601 1721 632 1738 ae
651 1713 715 1745 peto
734 1721 752 1746 γ
766 1714 774 1745 ΙΙ
789 1715 822 1737 20
841 1712 975 1744 religione
993 1711 1104 1745 regione
1122 1712 1155 1740 αι
1169 1712 1177 1746 Ι]

179 1751 211 1773 32
228 1756 325 1774 casuve
342 1750 451 1775 Cramer
467 1748 470 1782 Ι
488 1748 542 1773 alio
562 1755 616 1781 quo
631 1748 730 1774 ‹50111
