1266 1902
179 56 244 88 ,⁵244
621 56 708 82 XVHI
728 59 742 81 τ

178 137 403 176 inlustrissimi,
428 136 508 167 nihil
531 136 593 166 iam
618 137 704 167 aliud
728 148 821 177 quam
846 137 941 168 verba
964 137 1181 167 auctoritates-

178 193 239 222 que
272 181 440 212 verborum
474 181 561 211 cordi
593 180 725 211 habetis.
776 181 901 212 Mittam
929 183 1034 212 autem
1062 180 1180 211 librum

178 226 246 265 tibi,
266 226 299 255 in
318 236 381 265 quo
402 225 433 254 id
453 225 598 265 reperias,
618 224 703 264 quod
723 226 855 265 quaeris.
891 225 962 267 Ego
980 226 1063 256 enim
1079 235 1181 266 gram-

179 270 313 300 maticus
346 269 429 299 vitae
462 269 524 299 iam
557 271 652 308 atque
685 280 809 299 morum
842 269 1024 310 disciplinas
1056 279 1182 309 quaero,

178 324 234 344 vos
258 313 442 354 philosophi
467 323 551 343 mera
575 314 663 352 estis,
692 315 727 343 ut
750 313 790 344 M.
815 312 906 344 Cato
930 314 983 353 (fr.
1003 314 1059 344 inc.
1080 315 1119 343 19
1136 312 1182 350 J.)

178 359 236 395 ait,
264 358 481 397 mortualia3
510 358 646 398 glosaria
669 368 804 397 namque
829 358 979 398 colligitis
1004 360 1034 388 et
1056 356 1183 395 lexidia,

178 413 226 433 res
260 403 376 432 taetras
410 403 441 432 et
471 401 579 432 inanes
608 404 639 432 et
667 401 796 432 frivolas
824 404 986 441 tamquam
1014 402 1182 432 mulierum

178 457 271 477 voces
305 446 519 485 praefiearum.
570 444 676 485 Atque
704 446 837 476 utinam'
866 446 970 485 inquit
998 445 1091 476 ‘muti
1119 456 1183 475 om-

178 501 233 521 nes
266 490 411 520 homines
444 491 595 520 essemus!
629 490 732 520 minus
765 490 953 530 improbitas
982 489 1184 520 instrumenti

179 534 329 565 haberet?

153 588 167 610 4
246 578 388 618 Cumque
417 578 550 619 digressi
576 588 728 618 essemus,
757 578 833 608 ‘non
856 578 1054 618 tempestive'
1080 577 1184 617 inquit

179 622 390 653 Favorinus
413 622 508 653 ‘hune
527 622 688 652 hominem
708 622 904 653 accessimus.
946 621 1081 652 Videtur
1100 621 1183 652 enim

179 667 258 697 mihi
278 667 300 706 †
320 667 598 706 ἐπισημαίνεσθαι.
647 665 777 697 Scitote’
803 666 907 706 inquit
931 666 1049 696 ‘tamen
1073 667 1183 696 intem-

179 711 299 751 periem
323 711 426 750 istam,
450 721 529 750 quae
554 711 748 750 μελαγχολία
771 710 894 749 dieitur,
918 721 982 740 non
1001 710 1107 750 parvis
1126 720 1184 740 nee

179 755 310 786 abiectis
345 755 481 796 ingeniis
514 755 668 794 accidere,
705 754 786 785 ἀλλὰ
818 752 901 785 εἶναι
934 755 1051 794 σχεδόν
1084 766 1113 784 τι
1146 754 1182 784 τὸ

179 799 287 836 πάθος
315 803 411 830 τοῦτο
439 799 582 839 ἡρωικὸν
611 801 642 829 et
670 799 817 829 veritates
846 799 1031 838 plerumque
1058 798 1185 828 fortiter

180 844 296 883 dicere,
329 843 383 873 sed
415 845 592 883 respectum
621 854 685 873 non
712 842 827 873 habere
856 843 933 882 μήτε
962 846 1078 882 καιροῦ
1106 843 1183 882 μήτε

180 887 308 928 μέτρου.
356 887 416 917 Vel
439 888 543 927 ipsum
568 887 628 918 1100
653 886 744 927 quale
768 887 966 925 existimatis,
993 886 1078 926 quod
1100 896 1184 916 nunc

180 932 218 962 de
247 931 447 972 philosophis
476 931 576 962 dixit?
605 942 723 970 nonne,
750 931 776 961 si
800 931 831 961 id
856 930 1106 961 Antisthenes
1130 932 1185 960 aut

180 975 370 1016 Diogenes
396 975 539 1015 dixisset,
563 975 694 1016 dignum
718 975 869 1005 memoria
894 975 995 1005 visum
1020 973 1135 1005 essetP’

156 1030 170 1051 5
248 1020 335 1050 Misit
363 1021 469 1050 autem
498 1020 593 1060 paulo
622 1021 695 1060 post
718 1018 905 1049 Favorino
931 1019 1062 1058 librum,
1091 1029 1185 1058 quem

182 1064 370 1104 promiserat
392 1083 434 1085 —
454 1063 576 1103 Verri,
601 1064 727 1104 opinor,
750 1062 877 1093 Flacci
901 1065 967 1093 erat
994 1081 1041 1101 —,
1065 1062 1098 1093 in
1122 1072 1184 1102 quo

182 1109 299 1148 scripta
340 1108 379 1138 ad
416 1108 476 1139 1100
514 1119 612 1149 genus
650 1108 843 1147 quaestionis
881 1107 1071 1147 pertinentia
1108 1106 1186 1137 haec

180 1152 309 1182 fuerunt
336 1152 379 1191 (31).
404 1152 493 1183 XVI
509 1152 585 1187 M.):
619 1151 786 1182 ‘senatum'
811 1151 872 1181 dici
906 1153 936 1182 et
969 1161 1026 1191 pro
1054 1151 1125 1181 loco
1154 1152 1186 1181 et

181 1207 238 1236 pro
267 1196 463 1235 hominibus,
493 1196 675 1227 ‘civitatem'
706 1198 736 1226 et
764 1206 821 1235 pro
849 1196 920 1225 loco
949 1197 980 1225 et
1009 1194 1125 1235 oppido
1154 1196 1211 1225 etz

182 1251 239 1280 pro
264 1241 331 1271 iure
355 1251 481 1280 quoque
501 1241 642 1271 omnium
662 1242 693 1270 et
712 1250 768 1280 pro
788 1240 952 1269 hominum
973 1239 1186 1277 multitudine,

183 1284 307 1315 ‘tribus’
338 1295 464 1324 quoque
493 1287 524 1315 et
553 1284 717 1315 ‘decurias’
746 1284 807 1314 dici
835 1286 866 1314 et
894 1294 951 1323 pro
978 1283 1048 1313 loco
1073 1285 1104 1313 et
1127 1293 1185 1322 pro

183 1329 250 1359 iure
274 1331 305 1358 et
328 1339 385 1368 pro
409 1328 601 1368 hominibus,
626 1328 828 1359 ‘contionem’
853 1330 959 1358 autem
982 1327 1043 1358 tria
1067 1326 1185 1368 signifi-

253 1418 285 1441 24
298 1424 356 1448 sqq.
377 1415 424 1440 cfr.
440 1415 516 1440 Paul.
532 1424 558 1448 p,
575 1417 616 1447 84,
632 1417 646 1439 9
659 1423 716 1446 sqq.

254 1489 268 1511 2
289 1486 416 1512 habeatis
436 1485 472 1510 1⁸1²
478 1487 562 1510 011x
581 1486 589 1518 ΙΙ
609 1488 623 1510 6
642 1484 794 1510 mortuaria
814 1494 833 1509 ω
852 1492 920 1510 corat
936 1484 1085 1510 Scrz'verzus
1101 1485 1104 1516 Ι
1121 1491 1185 1508 nain

184 1522 231 1554 qui
241 1532 260 1546 ω
269 1530 335 1547 corr.
343 1522 439 1547 Dolosa
452 1522 453 1555 1
468 1520 604 1553 collegitis
613 1523 636 1544 X
645 1520 783 1553 collegisti
792 1530 811 1544 ω
821 1519 830 1554 Η
842 1522 855 1544 7
864 1520 982 1545 traetras
991 1520 1012 1545 δ
1022 1520 1030 1552 ,l
1043 1522 1072 1562 l}
1082 1518 1138 1544 Nos
1148 1521 1168 1546 Q
1177 1518 1186 1553 ΙΙ

186 1560 216 1582 12
236 1558 302 1582 tunc
321 1559 337 1581 Z
352 1558 360 1589 Η
377 1560 408 1581 13
429 1540 731 1581 ΕΠΙΟΗΜᾶΙΜΕΕΕῢὮΙ
739 1556 772 1580 Π
794 1553 988 1588 ἐπιμαίιεσθαι
1011 1563 1025 1579 σ
1049 1552 1186 1587 ἐπισήμως

184 1602 249 1625 nom
244 1594 330 1617 εσθαι
343 1593 427 1618 Heotz
442 1593 450 1624 ΙΙ
466 1594 497 1616 14
510 1591 748 1616 ΜΕΛὰΝΧΟΛΙὰΝ
760 1599 778 1623 γ
792 1592 800 1622 ΙΙ
815 1594 846 1615 21
859 1592 922 1623 post
931 1598 978 1615 om
989 1591 1077 1615 ΝΟΠ
1088 1590 1096 1622 ΙΙ
1112 1592 1144 1614 22
1154 1590 1186 1615 ut

184 1627 222 1657 (ni
233 1630 256 1652 N
267 1649 271 1652 .
284 1627 308 1652 N
320 1630 359 1652 .X
374 1627 402 1652 in
418 1628 446 1659 0)
467 1627 562 1659 opinor
577 1635 595 1659 γ
612 1626 635 1651 is
651 1634 693 1659 op.
710 1626 824 1651 Salmas.
840 1627 848 1658 fl
864 1628 895 1650 23
911 1625 991 1659 haec]
1007 1625 1036 1650 id
1051 1625 1073 1650 δ
1087 1626 1095 1657 ΙΙ
1110 1627 1142 1649 25
1158 1625 1186 1650 et

183 1671 233 1695 pro
248 1662 331 1695 opido
344 1665 360 1686 Z
375 1664 383 1695 ΙΙ
398 1665 430 1687 26
446 1661 579 1695 omnium]
596 1662 697 1686 civium
713 1661 779 1687 Otho
795 1660 942 1692 Quiritium
954 1660 996 1686 Sk.
1012 1661 1061 1686 del.
1074 1660 1164 1686 Vassis
1177 1659 1186 1694 ΙΙ

185 1701 216 1722 27
237 1698 327 1723 curias
348 1698 462 1723 Ursinus
478 1698 481 1729 Ι
498 1700 547 1723 ant
566 1698 593 1722 et
612 1704 660 1730 pro
681 1697 738 1722 iure
756 1697 804 1722 del.
820 1700 869 1722 aut
883 1697 949 1721 item
962 1704 1013 1728 pro
1028 1696 1121 1721 autem
1135 1703 1185 1721 scr.

185 1734 308 1759 Eussner

1198 545 1223 564 10

1198 765 1222 785 15

1200 987 1225 1005 20
