1291 1912
531 37 606 64 xvu
627 40 639 63 1
1030 36 1091 68 189

79 120 180 151 nium
205 122 470 151 accusatorum
494 130 567 151 non
586 119 826 159 criminibus,
850 119 912 150 sed
932 118 1091 150 vocibus

79 164 373 205 maledictisque
394 164 626 196 celebratum
647 165 716 203 est,
738 163 774 194 id
794 174 996 204 numquam
1016 166 1090 194 tam

79 208 212 240 acerbe
241 209 339 240 feret
363 209 403 240 M.
429 208 594 248 Caelius,
623 210 662 239 ut
691 219 771 239 eum
799 208 994 248 paeniteat
1017 218 1091 238 non

80 253 285 284 deformem
311 265 391 284 esse
416 256 552 284 natum.
593 252 668 284 Non
689 253 885 283 existumant
902 252 1000 283 verbo
1021 262 1091 293 pro-
1121 261 1135 283 5

52 312 64 331 5
79 298 149 338 'prio
174 308 241 328 esse
265 309 373 338 usum,
402 298 487 338 quod
511 298 556 329 ait
580 297 788 338 paeniteat,
817 299 912 337 atque
936 297 968 327 id
992 307 1092 338 prope

79 342 223 383 ineptum
245 342 338 373 etiam
360 353 428 373 esse
448 343 565 373 dicunt.
604 341 698 372 ‘Nam
720 342 921 382 ‘paenitere'’
943 341 1093 381 inquiunt
1122 351 1137 374 6

80 387 159 417 ‘tum
185 386 288 417 (licere
312 388 461 427 solemus,
485 397 566 426 cum,
591 397 670 427 quae
694 386 755 427 ipsi
779 386 914 417 fecimus
937 389 992 417 ant
1012 397 1092 426 quae

79 431 117 462 de
145 433 254 462 nostra
284 432 448 462 vohmtate
476 434 650 472 nostroque
676 429 809 462 oonsilio
833 431 917 461 facta
941 433 1028 470 sunt,
1057 441 1093 461 ea

79 475 171 506 nobis
205 478 279 516 post
311 476 469 516 incipiunt
506 476 672 516 displicere
704 475 958 515 sententiamque
991 476 1024 506 in
1055 475 1093 506 iis

40 534 65 553 ιο
79 522 221 551 nostram
251 520 477 559 demutamus’3
506 520 665 551 neminem
694 522 800 550 autem
824 522 910 550 recte
934 520 978 550 ita
1002 520 1092 560 loqui
1123 529 1137 552 7

81 565 254 605 ‘paenitere
283 576 364 604 sesey
393 565 477 605 quod
506 567 600 595 natus
629 564 680 595 sit'
709 566 765 595 aut
792 564 978 605 ‘paenitere,
1007 564 1093 604 quod

80 609 224 640 mortalis
253 610 305 640 sit'
336 611 391 640 aut
420 609 517 649 ‘quod
546 620 582 640 ex
613 609 733 640 offenso
757 609 839 640 forte
865 609 1094 649 vulneratoque

80 663 212 694 corpore
236 653 379 685 dolorem
402 654 539 691 sentiat',
564 653 690 694 quando
710 653 891 684 istiusmodi
911 665 1015 684 rerum
1036 664 1094 684 nec

80 697 248 729 consilium
279 697 320 729 sit
348 701 492 729 nostrum
522 709 580 729 nec
608 698 788 738 arbitrium,
818 698 872 729 sed
899 710 935 729 ea
959 698 1093 739 ingratis

41 757 65 776 15
80 743 197 773 nostris
222 743 253 773 vi
278 753 314 773 ac
337 743 526 774 necessitate
550 745 681 773 naturae
704 742 797 774 nobis
817 742 974 774 accidant:
1000 743 1094 774 ‘sicut
1122 751 1137 774 8

81 787 197 818 hercle’
223 787 374 827 inquiunt
394 787 470 818 ‘non
489 788 703 818 voluntarium
724 787 785 818 fuit
803 787 844 818 M,
866 786 983 827 Caelio,
1007 787 1093 827 quali

80 832 183 862 forma
216 834 412 871 nasceretur,
445 832 534 862 cuius
568 843 638 862 eum
674 832 753 863 dixit
781 842 854 863 non
883 832 1095 872 paenitere,

80 878 243 916 tamquam
273 876 306 906 in
334 887 370 907 ea
399 887 492 907 causa
521 887 570 907 res
599 878 694 916 esset,
721 878 757 907 ut
786 877 942 908 rationem
968 878 1095 917 caperet

81 920 284 961 paenitendi.’

41 979 67 998 ρο
148 964 207 996 Est
230 965 307 996 haee
332 965 470 1005 quidem,
495 976 589 1005 quam
615 965 732 1005 dicunt,
757 965 845 996 verbi
868 965 1001 996 huiusce
1026 976 1093 996 sen-
1123 974 1137 996 9

81 1009 181 1040 tentia
201 1012 231 1040 et
252 1010 436 1050 ‘paenitere’
458 1010 519 1040 nisi
540 1010 573 1040 in
592 1010 780 1041 voluntariis
799 1010 894 1041 rebus
914 1020 980 1041 non
994 1009 1094 1050 probe

82 1054 210 1094 dicitur,
247 1054 375 1085 tametsi
408 1055 604 1094 antiquiores
637 1054 733 1085 verbo
766 1055 836 1095 ipso
870 1054 933 1085 alio
967 1064 1095 1094 quoque

82 1098 176 1129 modo
199 1098 309 1129 usitati
329 1100 404 1129 sunt
424 1100 455 1129 et
475 1099 639 1139 ‘paenitet'
659 1099 698 1129 ab
719 1109 765 1139 eo,
790 1099 874 1140 quod
895 1101 942 1130 est
963 1099 1096 1140 ‘paene',

83 1144 114 1173 et
139 1143 313 1183 ‘paenuria'
339 1143 494 1174 dixerunt.
538 1142 599 1174 Sed
618 1143 651 1174 id
669 1143 821 1174 aliorsum
842 1144 981 1184 pertinet
1000 1145 1096 1184 atque

43 1201 68 1220 25
82 1187 145 1218 alio
178 1187 209 1218 in
243 1188 316 1218 loco
350 1188 480 1218 dicetur.
534 1187 629 1218 Nunc
661 1190 767 1218 autem
801 1188 859 1219 sub
893 1187 952 1219 hac
986 1188 1139 1219 eademio

83 1231 326 1273 significatione,
350 1243 430 1273 quae
454 1233 552 1273 vulgo
576 1234 653 1263 nota
672 1234 728 1272 est,
752 1243 817 1263 non
836 1233 931 1263 modo
950 1233 1093 1273 ineptum

81 1275 143 1307 hoc
166 1286 232 1307 non
255 1278 312 1317 est,
336 1277 421 1317 quod
444 1277 484 1307 M.
506 1276 638 1308 Cicero
662 1277 752 1317 dixit,
776 1277 829 1308 sed
854 1277 1095 1308 festivissimum

83 1320 160 1351 adeo
198 1323 230 1352 et
263 1321 493 1352 facetissimum
528 1324 583 1352 est.
638 1320 722 1352 Nam
755 1332 827 1352 cum
860 1321 1032 1352 adversarii
1065 1323 1096 1352 et
1108 1330 1138 1352 11

83 1364 312 1396 obtrectatores
336 1365 376 1396 M.
403 1365 503 1405 Caeli,
528 1366 679 1406 quoniam
704 1368 770 1397 erat
794 1366 929 1407 pulchro
954 1376 1095 1406 corpore,

43 1422 69 1442 so
83 1409 218 1441 formam
247 1410 314 1441 eius
343 1413 374 1441 et
397 1410 511 1441 faciem
537 1411 569 1440 in
594 1410 791 1451 suspiciones
816 1411 1023 1451 inpudicitiae
1046 1421 1095 1441 ac-

83 1456 253 1495 cerserent,
283 1455 428 1486 inludens
454 1454 585 1486 Cicero
614 1457 679 1485 tam
708 1455 877 1486 absurdam
902 1455 1095 1486 criminatio-

155 1544 186 1567 23
206 1541 284 1567 Paul.
305 1551 329 1575 p.
347 1545 406 1572 2:22,
425 1545 439 1567 2
460 1542 533 1568 Serv.
549 1542 580 1567 A.
596 1542 607 1567 Ι
623 1544 674 1567 548
693 1542 742 1567 ecl.
758 1542 783 1567 11
798 1545 831 1568 34
851 1542 950 1568 Donat.
967 1544 995 1568 et
1010 1542 1094 1568 schol.

84 1576 143 1602 Ter.
159 1577 228 1603 Eun.
245 1577 269 1602 V
285 1580 309 1609 6,
327 1581 358 1603 12
379 1578 463 1603 schol.
480 1577 539 1603 Ter.
557 1578 640 1603 Haut.
656 1578 667 1603 I
684 1581 706 1608 1,
723 1580 756 1603 ‘20

155 1660 170 1683 3
187 1657 300 1683 cecilius
315 1658 338 1684 δ’
352 1658 360 1691 ΙΙ
375 1660 390 1683 9
405 1657 481 1691 hi(i)s
496 1659 548 1683 ΠΖ
563 1659 572 1690 ΙΙ
589 1660 620 1683 14
635 1658 791 1684 nostrorum
807 1660 827 1687 Q
841 1660 850 1691 Η
866 1662 897 1685 15
913 1658 942 1684 in
957 1658 1059 1684 nostris
1075 1668 1095 1683 ω

85 1691 113 1718 in
128 1693 176 1719 del.
194 1693 291 1720 Carrio
308 1694 311 1727 Ι
328 1693 368 1719 sic
383 1696 430 1719 ΟΧ
445 1696 452 1727 Η
469 1696 500 1719 18
521 1702 582 1719 reus
599 1693 642 1720 Sk.
657 1695 665 1726 ΙΙ
681 1696 713 1719 24
732 1695 759 1720 et
775 1701 791 1719 a
805 1695 914 1720 1<on
931 1694 935 1728 Ι
952 1694 1061 1727 penitet
1075 1704 1095 1719 ω

85 1736 151 1755 corr.
167 1729 230 1755 Αἶά.
247 1731 255 1763 ΙΙ
270 1731 303 1755 26
322 1730 390 1756 nata
405 1731 425 1758 Q
439 1731 447 1763 ΙΙ
463 1733 495 1755 30
516 1729 544 1755 in
559 1738 609 1756 om.
624 1730 647 1756 δ
