1266 1902
182 58 246 89 300
640 57 690 82 XX
710 59 724 82 6

181 140 283 170 tivum
312 141 359 169 est
388 139 477 168 ‘nos'.
526 137 607 168 ‘Tui’
638 148 736 177 aeque
760 137 936 168 declinatur
958 137 997 168 ab
1022 148 1073 176 eo,
1101 137 1184 177 quod

155 186 229 214 sest
254 183 324 218 ‘tu’;
348 183 442 213 huius
467 182 575 212 itidem
600 182 793 222 plurativum
817 184 865 212 est
889 182 976 212 ‘vos'.
1024 180 1076 212 Sic
1098 191 1184 211 nam-

182 239 242 267 que
266 227 424 257 Plautus
454 226 622 257 declinavit
651 227 683 256 in
707 225 895 256 Pseudulo
924 226 958 256 in
980 225 1067 256 hisce
1090 225 1184 255 versi-

181 272 240 302 bus
265 272 304 311 (υ.
324 272 372 305 3):

226 333 257 363 si
281 344 323 363 ex
348 332 383 363 te
407 334 556 363 tacente
580 331 669 362 fieri
692 342 838 372 possem
864 331 1017 372 certior,

226 388 300 417 ere,
330 376 423 417 quae'
451 376 625 407 miseriae
653 376 689 407 te
717 378 790 406 tam
819 375 954 406 misere
982 376 1185 415 macerent,

227 422 381 452 duorum
414 420 537 451 labori
571 430 638 461 ego
671 420 862 450 hominum
896 419 1098 460 parsissem
1130 420 1185 450 lu-

763 464 865 494 bens:

226 510 297 540 mei
321 509 357 540 te<
380 509 539 550 rogandi
565 510 600 539 et
623 509 644 548 †
666 509 720 538 tui
741 508 791 539 tis
811 507 1068 548 respondendi
1084 507 1184 538 mihi.

182 572 253 602 Mei
277 572 360 602 enim
380 571 537 601 Plautus
562 570 622 601 hoc
646 570 679 600 in
697 571 768 601 loco
787 580 852 600 non
871 570 910 600 ab
932 580 967 600 eo
988 570 1077 609 dixit,
1101 569 1185 609 quod

140 618 230 647 loest
255 616 374 655 ‘meus',
399 616 452 646 sed
474 615 513 645 ab
533 626 579 653 eo,
603 615 688 655 quod
707 617 754 645 est
773 614 864 655 ‘eg0’.
906 612 1017 654 Itaque
1037 614 1063 644 si
1084 613 1184 644 dicere

182 660 260 691 velis
293 660 427 700 ‘patrem
461 659 533 690 mei’
568 669 624 699 pro
660 659 792 699 ‘patrem
823 658 950 697 meum’,
983 669 1046 698 quo
1076 656 1186 688 Graeci

183 705 277 735 modo
306 704 363 735 τὸν
391 703 512 743 πατέρα
541 715 603 743 μου
633 703 755 742 dicunt,
785 703 934 733 inusitate
963 702 1103 742 quidem,
1132 701 1185 732 sed

182 751 266 779 recte
290 749 433 788 profecto
457 759 556 787 eaque
579 747 700 778 ratione
725 747 817 787 dices,
841 757 903 786 qua
924 746 1082 777 Plautus
1107 746 1186 776 dixit

140 793 305 823 lllabori
330 793 399 823 mei
424 803 481 832 pro
507 792 620 822 ‘labori
644 792 734 822 meo'.
777 790 863 821 Haec
887 793 992 821 autem
1017 791 1086 830 ipsa
1103 790 1185 821 ratio

183 839 230 868 est
255 837 287 867 in
308 847 440 867 numero
460 835 627 876 plurativo,
651 846 713 876 qua
734 834 922 865 Gracchus
942 834 1090 874 (ORFp.
1105 836 1185 874 248)

182 881 355 912 misereri
376 882 540 911 vestrum
562 880 642 910 dixit
662 882 692 910 et
712 890 773 919 qua
787 879 828 910 M.
844 878 974 909 Cicero
992 879 1061 918 (pro
1077 878 1185 909 Plane.

189 925 289 956 17116
299 926 356 964 sq.)
377 925 572 955 contentio
592 927 757 954 vestrum
777 926 808 954 et
828 924 902 963 (div.
924 924 956 953 in
974 922 1056 954 Caco.
1073 922 1136 953 ΙΙΙ
1147 926 1186 953 10

184 969 260 1000 XII
276 969 356 1003 3712)
385 969 631 1000 contentione
660 970 829 998 nostrum
858 967 938 998 ch'xit
962 978 1086 1007 quaque
1110 967 1185 998 item

182 1014 306 1045 ratione
346 1013 619 1054 Quadrigarius
661 1013 694 1042 in
735 1012 862 1042 annali
904 1011 1185 1042 undevicesimo
1201 1027 1210 1045 2

182 1058 278 1088 verba
304 1057 379 1088 haee
404 1058 510 1098 posuit
533 1058 585 1096 (fr.
605 1059 646 1087 83
661 1056 727 1096 P.):
753 1055 784 1086 O.
804 1055 910 1096 Mari,
934 1055 1127 1095 ecquando
1151 1058 1186 1086 te

182 1104 354 1133 nostrum
380 1104 416 1132 et
440 1101 675 1141 reipublicae
700 1100 955 1131 miserebitur!
1002 1098 1065 1129 Cur
1088 1100 1187 1140 igitur

183 1146 384 1177 Terentius
404 1146 575 1186 paenitet
593 1145 729 1184 nostri,
748 1155 812 1175 non
832 1144 1008 1183 ‘nosm1m²,
1028 1146 1060 1174 et
1078 1142 1185 1174 Afra-

141 1199 172 1221 12
183 1191 268 1221 nius
296 1191 418 1221 nostri
447 1190 640 1220 miseritus
670 1192 738 1227 est,
765 1199 829 1219 non
857 1188 1048 1218 ‘nosti-uns?
1096 1187 1186 1218 Nihil

182 1235 299 1265 hercle'
328 1235 433 1274 inquit
462 1234 551 1264 ‘mihi
578 1234 615 1264 de
639 1234 700 1264 ista
723 1244 756 1264 re
779 1233 812 1263 in
835 1235 973 1263 mentem
997 1233 1096 1272 venit,
1124 1233 1185 1262 nisi
1201 1259 1211 1265 A

184 1279 356 1310 auctoritas
385 1279 538 1318 quaedam
567 1278 733 1309 vetustatis
761 1288 825 1307 non
850 1276 945 1307 nimis
969 1276 1062 1307 anxie
1085 1287 1186 1316 neque

183 1323 401 1364 superstitiose
416 1322 583 1363 loquentis.
616 1321 699 1352 Nam
715 1321 807 1352 sicuti
818 1321 1023 1351 multifariam
1034 1320 1185 1360 scriptum

256 1449 269 1470 7
282 1454 320 1478 sq.
341 1445 420 1473 (Non.
437 1444 473 1470 lx
488 1454 513 1478 p.
531 1447 589 1475 501,
607 1447 648 1473 12)
754 1446 785 1468 27
797 1452 855 1475 sqq.
876 1442 974 1469 Donat,
991 1442 1050 1468 Ter.
1066 1442 1134 1468 Eun.
1150 1442 1187 1467 IV

184 1484 257 1512 4,10
277 1480 531 1511 Hee.111,19;43

256 1600 268 1621 1
290 1596 388 1629 aeque]
409 1603 459 1628 ego
475 1596 497 1620 δ
511 1596 519 1627 Η
535 1597 548 1619 6
568 1594 678 1619 miserie
699 1595 725 1618 et
745 1593 909 1618 aminiserae
927 1592 1081 1626 (ammisere
1098 1594 1127 1625 Q)
1142 1593 1163 1617 d*
1178 1593 1186 1625 ΙΙ

185 1635 198 1656 7
214 1631 354 1657 hominem
366 1631 437 1656 Non.
451 1630 633 1660 GLKJ36S,
644 1633 660 1654 0¹
675 1630 683 1661 Η
698 1632 712 1654 9
725 1637 769 1654 me
779 1628 969 1661 interrogandi
980 1628 1051 1653 Non.
1070 1630 1073 1660 1
1090 1629 1132 1653 ter
1142 1628 1164 1652 d·
1181 1630 1183 1661 Ι

183 1667 225 1692 tui
243 1667 280 1692 tis
299 1675 318 1692 s.
336 1667 416 1692 tuitis
431 1675 449 1699 y
468 1665 534 1690 uitis
550 1668 566 1690 Z
586 1665 652 1690 intis
669 1667 688 1692 Q
707 1664 748 1689 tui
768 1667 791 1689 eet
810 1665 837 1689 te
852 1663 926 1689 codd
943 1663 1039 1688 Plauti
1056 1663 1097 1688 tui
1113 1662 1184 1688 Non.

183 1703 219 1727 tis
242 1702 336 1728 Carrio
353 1703 356 1735 Ι
373 1701 587 1734 respondendim
606 1700 695 1733 (—dum
713 1701 741 1732 Z)
760 1699 829 1724 ibim
849 1699 922 1724 enim
942 1699 964 1724 δ
978 1700 986 1731 ΙΙ
1002 1701 1033 1723 12
1054 1698 1126 1730 quod
1145 1707 1164 1731 γ
1178 1698 1187 1732 Η

185 1740 216 1762 13
237 1737 369 1763 inusitate
385 1753 416 1755 —
434 1739 465 1761 *26
486 1737 588 1761 auctor.
605 1744 653 1761 om.
669 1736 691 1761 δ
705 1736 713 1768 ΙΙ
729 1737 759 1760 21
781 1736 808 1760 et
828 1733 938 1767 quando
953 1743 971 1767 γ
986 1735 1028 1766 (=
1041 1735 1071 1766 ω)
