1266 1902
506 477 546 512 A.
576 477 734 512 GELLH

119 558 347 600 NOCTIVM
379 558 676 601 ATTIOARVM
714 561 874 601 LIBER
907 561 1122 603 TERTIVS

512 647 735 690 DEGIMVS

614 802 629 834 I

116 863 263 896 Inquisitio
288 863 430 888 verborum
454 863 569 889 istorum
589 863 623 888 Μ4
645 863 729 889 Tullii
754 864 899 896 curiosior,
923 872 994 897 quae
1018 864 1072 890 fuit
1094 865 1121 890 in
1150 873 1162 891 5

152 899 240 931 primo
260 899 480 924 Antonianarum
502 898 573 924 libro
594 899 694 925 ‘multa
714 901 806 925 autem
826 900 974 933 inpendere
994 900 1123 926 videntur

152 935 262 967 praeter
280 935 408 959 naturam
428 935 512 960 etiam
532 936 696 968 praeterque
716 934 830 965 fatum';
853 936 1067 969 tractatumque,
1088 944 1123 961 an

152 970 226 994 idern
242 969 295 994 duo
311 970 366 995 ista
381 970 538 1003 significent
554 969 665 995 ‘fatum’
683 971 765 1004 atque
783 970 914 1003 ‘natura',
931 979 965 996 an
977 971 1122 996 diversum.

92 1041 104 1062 1
183 1032 329 1063 Marcus
364 1032 496 1063 Cicero
530 1034 562 1064 in
595 1034 715 1074 primo
744 1032 1046 1065 Antonianarum
1080 1035 1124 1065 ita

118 1078 271 1117 scriptum
295 1077 424 1117 reliquit
449 1077 546 1116 (Phil.
563 1077 623 1115 15,
640 1079 706 1114 1()):
734 1077 840 1108 Hunc
864 1079 984 1119 igitur
1007 1080 1046 1109 ut
1071 1089 1124 1109 se·
1139 1092 1163 1110 10

118 1132 264 1161 querer,
297 1122 513 1162 properavi,
546 1133 653 1162 quem
687 1124 905 1162 praesentes
935 1133 1008 1153 non
1036 1124 1124 1153 sunt

118 1166 252 1205 secuti·
282 1176 354 1196 non
378 1168 418 1196 ut
442 1166 668 1206 proficerem
693 1166 854 1206 aliquid,
882 1177 1001 1206 neque
1026 1167 1124 1197 enim

119 1190 313 1250 sperabam
343 1210 379 1240 id
407 1220 473 1240 nec
501 1213 695 1251 praestare
719 1213 902 1250 pom-‚am
930 1211 992 1241 sed
1017 1213 1069 1250 ut,
1093 1211 1125 1241 si

118 1254 207 1294 quid
236 1253 327 1284 mihi
355 1254 574 1285 humanitus
603 1255 821 1294 accidisset,
854 1255 972 1285 multa
1000 1257 1124 1286 autem

118 1298 323 1339 inpendere
374 1299 551 1329 videntur
597 1301 747 1339 praeter
792 1301 963 1329 naturam
1010 1299 1124 1330 etiam
1139 1312 1164 1331 15

118 1344 343 1383 praeterque
367 1343 500 1382 fatum,
524 1343 635 1373 huius
658 1343 732 1373 diei
752 1353 878 1373 vocem
899 1345 1034 1373 testem
1054 1344 1124 1374 rei-

118 1387 295 1428 publicae
325 1387 580 1427 relinquerem
610 1398 711 1417 meae
739 1389 944 1427 perpetuae
972 1398 1060 1428 erga
1089 1398 1125 1418 se

92 1431 340 1461 ‘zvoluntatis
388 1431 542 1461 Praeter
570 1433 741 1461 naturam
772 1431 875 1471 inquit
899 1433 1125 1471 praeterque

118 1475 245 1505 fatum.
297 1474 348 1505 An
381 1477 551 1515 utrumque
585 1475 666 1505 idern
701 1474 803 1505 valere
837 1475 972 1505 voluerit
1005 1476 1124 1506 fatum

119 1521 212 1558 atque
246 1521 418 1549 naturam
451 1522 482 1550 et
514 1520 590 1550 duas
622 1530 670 1549 res
699 1518 775 1549 καθ’
808 1517 879 1555 ἑνὸς
907 1519 1123 1560 ὑποκειμένου
1139 1532 1164 1551 20

118 1563 274 1603 posuerit,
298 1574 338 1593 an
361 1574 434 1594 vero
460 1563 601 1594 diviserit
626 1563 850 1603 separaritque,
873 1565 908 1593 ut
933 1564 1010 1594 alios
1035 1574 1124 1594 casus

118 1609 230 1637 natura
249 1606 330 1637 ferre
349 1607 500 1646 videatur,
524 1608 603 1638 alios
622 1607 733 1646 fatum,
758 1607 1019 1638 considerandum
1039 1608 1124 1647 equi—

189 1720 208 1736 c.
227 1714 238 1736 1
256 1726 290 1730 —
304 1719 323 1737 e.
340 1715 355 1736 4
371 1712 467 1737 (Ieswmt
481 1711 511 1736 in
525 1713 544 1736 B
563 1713 571 1744 ΙΙ
591 1714 605 1737 6
625 1715 650 1737 et
669 1714 683 1736 9
706 1711 881 1736 antoniarurn
903 1712 935 1736 Π
952 1713 960 1744 Η
980 1713 994 1736 7
1015 1712 1125 1744 praeter

119 1746 206 1772 fatum
223 1748 242 1774 Q
257 1748 264 1778 Ι]
281 1750 313 1772 14
330 1746 403 1771 enim
420 1747 453 1772 Π
464 1748 472 1779 Η
489 1749 519 1772 15
535 1747 619 1772 etiam
635 1755 683 1772 om.
698 1747 749 1772 Cic.
761 1747 960 1779 coddplzw'mz?
974 1748 982 1779 ΙΙ
999 1749 1029 1771 16
1046 1755 1125 1780 prae-

119 1783 160 1807 ter
180 1782 196 1807 f.
213 1782 290 1808 Laeti
307 1782 373 1808 Stat.
394 1782 443 1807 Th.
460 1782 511 1807 III
524 1784 577 1808 ,⁴205
592 1784 599 1814 Η
615 1785 647 1807 ’20
670 1782 755 1807 ΚὰΤὰ
769 1791 787 1815 y
801 1783 809 1814 11
826 1785 855 1807 21
877 1782 923 1816 an]
943 1783 1001 1807 tam
1016 1783 1039 1808 <5
