1291 1912
84 551 108 569 10

82 773 106 792 15

81 996 106 1015 30

79 1442 105 1461 30

585 56 621 81 xl
643 59 674 82 18
1094 57 1136 88 23

191 136 252 169 Sed
285 148 368 168 nunc
402 149 419 168 a
452 138 522 179 lege
555 138 610 169 illa
644 137 845 169 decemvirali
876 138 1049 170 discessum
1078 142 1133 170 est.
1148 148 1180 170 10

124 182 206 213 Nam
236 182 262 213 si
291 182 345 222 qui
375 193 470 223 super
500 183 670 214 manifesto
694 182 780 213 furto
806 183 872 214 iure
897 186 928 214 et
953 183 1062 214 ordine
1086 195 1135 214 exe

126 227 219 268 periri
244 227 328 266 velit,
353 227 435 258 aetio
461 227 493 257 in
513 227 726 268 quadruplum
747 227 847 258 datur.
890 227 1134 259 Manifestum
1148 237 1177 259 11

124 274 228 302 autem
253 272 396 302 furtum
421 274 490 310 est,
514 274 550 302 ut
573 272 618 302 ait
637 271 826 302 Masurius
847 273 900 311 (fr.
918 272 990 303 7H.
1007 273 1064 303 ιἰιν.
1081 273 1135 303 cic.

124 318 185 347 126
200 315 281 357 Ba),
301 316 400 356 quod
419 316 732 356 deprehenditur,
753 316 836 347 duni
856 317 912 347 fit.
954 316 1134 348 Faciendi

124 361 215 391 finis
240 362 309 400 est,
334 370 413 391 eum
439 361 627 401 perlatum
648 363 717 401 est,
742 372 814 401 quo
834 362 926 392 ferri
947 364 1134 402 coeperat.

122 404 212 436 Furti
237 405 395 445 concepti,
420 405 495 436 item
521 406 633 443 oblati,
657 406 745 446 tripli
770 416 872 446 poena
897 408 952 437 est.
1148 415 1177 438 12

190 448 251 480 Sed
275 450 360 490 quod
380 449 422 480 sit
442 449 619 485 ‘oblatum',
644 450 729 491 quod
750 450 962 491 ‘conceptum'
984 453 1015 481 et
1035 452 1134 491 plera-

123 505 184 534 que
216 494 278 525 alia
311 494 350 525 ad
382 505 450 525 eam
484 505 550 525 reu]
585 506 621 526 ex
656 495 792 537 egregiis
821 497 962 526 veterum
993 495 1134 527 moribus

123 541 251 579 accepta
284 549 387 578 neque
415 538 541 570 inutilia
571 540 702 581 cognitu
730 550 833 579 neque
861 540 1047 576 iniucunda,
1080 541 1133 580 qui

122 583 227 624 legere
256 584 354 621 volet,
383 584 523 614 inveniet
548 582 680 615 Sabini
708 584 840 621 librum,
869 585 919 615 cui
948 585 1061 616 titulus
1088 588 1135 616 est

123 628 164 658 de
188 628 311 658 furtis.
354 626 392 658 In
412 638 475 668 quo
496 629 548 668 (fr.
567 629 637 659 ΤΗ.
652 629 817 663 35:51512)
839 629 870 660 id
890 640 1018 669 quoque
1038 629 1132 670 scrip·
1148 638 1178 661 13

122 674 189 703 tum
219 674 278 712 est,
312 673 397 712 quod
426 673 522 714 volgo
552 673 752 714 inopinatum
782 677 841 713 est,
874 684 939 704 non
967 673 1133 705 hominum

122 719 247 747 tantum
271 728 373 757 neque
397 728 502 748 rerum
528 719 738 757 moventium,
765 729 845 758 quae
869 718 986 749 auferri
1011 719 1134 750 occulte

122 763 153 792 et
181 761 304 802 subripi
333 764 480 802 possunt,
509 762 564 793 sed
592 762 682 793 fundi
709 773 836 803 quoque
861 765 892 793 et
915 763 1040 794 aedium
1065 763 1133 794 fieri

121 806 256 845 furtunr,
276 806 521 837 condemnatum
542 818 669 847 quoque
684 807 761 838 furti
777 808 936 846 colonum,
956 808 1011 847 qui
1026 808 1133 844 fundo,

122 861 216 890 quem
246 850 453 886 conduxerat,
486 851 615 882 vendito
644 852 844 892 possessione
873 852 939 883 eius
969 853 1132 883 dominum

121 895 360 926 intervertisset.
402 895 509 936 Atque
530 896 562 926 id
582 897 686 935 etiam,
711 896 795 937 quod
816 897 917 938 magis
937 897 1133 937 inopinabile
1146 906 1177 928 14

121 942 177 979 est,
202 938 365 970 Sabinus
390 940 466 971 dicit
490 941 591 971 furem
617 952 683 971 esse
704 940 842 972 hominis
862 941 1045 981 iudicatum,
1069 942 1133 982 qui,

121 994 192 1015 eun]
215 984 371 1025 fugitivus
391 987 516 1025 praeter
535 985 644 1016 oculos
664 986 746 1016 forte
766 986 887 1017 domini
906 986 975 1026 iret,
1000 986 1131 1017 obtentu

121 1031 214 1069 togae
242 1031 406 1069 tamquam
436 1040 468 1060 se
497 1030 662 1070 amiciens,
693 1041 731 1061 ne
760 1031 920 1062 videretur
947 1042 964 1061 a
994 1031 1132 1070 domino,

121 1073 304 1104 obstitisset.

186 1117 268 1149 Aliis
297 1118 409 1149 deinde
437 1119 531 1150 furtis
561 1119 721 1157 omnibus,
751 1130 831 1159 quae
856 1119 969 1157 (VIII
982 1122 1037 1159 16)
1063 1120 1131 1151 ‘nee
1145 1130 1175 1152 15

121 1162 300 1193 manifesta’
323 1164 534 1204 appellantur,
558 1174 693 1204 poenam
714 1164 935 1205 imposuerunt
955 1165 1053 1205 dupli.
1095 1163 1175 1197 Idm

81 1218 92 1237 ε
121 1207 215 1238 etiam
245 1207 375 1238 memini
404 1208 508 1249 legere
532 1219 582 1239 nie
606 1209 640 1239 in
663 1208 745 1239 libro
770 1208 965 1240 Aristonis
990 1210 1130 1240 iurecoff

121 1252 205 1291 sulti,
224 1251 463 1293 hautquaquam
484 1253 605 1284 indocti
625 1253 693 1289 viri,
713 1254 766 1293 (fr.
777 1256 796 1284 1
807 1254 848 1284 H.
865 1253 973 1293 11:22).
985 1256 1048 1284 393
1059 1253 1129 1287 Br.)

121 1298 198 1336 aput
220 1298 341 1327 veteres
365 1296 554 1339 Aegyptios,
581 1298 666 1338 quod
690 1309 789 1339 genus
815 1298 980 1329 hominum
1006 1300 1130 1329 constat

121 1342 152 1370 et
175 1340 208 1370 in
231 1341 351 1372 artibus
375 1342 568 1382 reperiendis
593 1343 736 1373 sollertes
758 1343 900 1374 extitisse
921 1346 951 1374 et
971 1343 1005 1373 in
1024 1343 1130 1384 cogni-

121 1384 207 1415 tione
226 1396 330 1416 rerum
350 1386 529 1428 indaganda
549 1398 687 1428 sagaces,
706 1388 790 1418 furta
809 1388 915 1418 omnia
931 1387 1028 1418 fuisse
1043 1388 1130 1418 licita

120 1431 151 1459 et
177 1429 330 1470 inpunita.

192 1529 203 1551 1
217 1534 275 1559 sqq.
296 1525 313 1551 l.
329 1526 346 1552 l.
362 1526 422 1553 Gai.
438 1527 475 1552 IV
492 1531 553 1555 111:
571 1531 620 1553 173
640 1528 713 1554 Serv.
730 1529 760 1553 A.
777 1528 839 1553 VIII
855 1531 904 1554 205
1028 1532 1058 1554 14
1070 1538 1128 1562 sqq*

119 1560 178 1586 Gai
195 1561 219 1586 II
235 1565 265 1586 51
288 1561 350 1595 Dig.
366 1562 425 1588 XLI
441 1566 464 1595 3,
481 1566 513 1589 38
623 1566 654 1589 ⁴2?
676 1564 756 1589 Diod,
773 1564 783 1589 Ι
799 1567 832 1589 80

190 1645 203 1667 1
225 1642 368 1668 decessum
383 1643 445 1676 (die.
463 1645 492 1676 Q)
509 1646 550 1672 QZ
565 1645 573 1677 Η
590 1647 604 1669 2
619 1644 681 1677 quis
698 1646 715 1669 0
730 1645 738 1678 ΙΙ
754 1647 769 1669 6
785 1646 826 1671 est
842 1645 888 1670 alt.
904 1652 952 1670 om.
969 1646 1012 1669 ΒΖ
1027 1646 1035 1677 Η
1052 1647 1065 1669 'a'
1080 1645 1129 1670 tri-

118 1677 185 1710 plici
201 1679 220 1706 Q
235 1680 243 1710 Π
259 1680 273 1703 9
289 1678 361 1713 eam]
378 1679 495 1705 eandem
509 1681 528 1704 Β
543 1680 551 1711 Η
569 1682 600 1705 14
616 1688 669 1712 quo
686 1679 760 1705 01Ξίξ
773 1680 774 1713 ᾖ
789 1679 879 1706 offerri
896 1682 955 1706 ΠΧ
970 1679 1061 1706 efferri
1075 1680 1107 1705 0¹
1121 1681 1129 1714 Η

118 1716 150 1739 20
170 1713 308 1747 fug-itibus
329 1724 348 1739 ω
364 1717 474 1748 praeter
493 1717 513 1743 Q
527 1716 535 1747 l}
551 1717 583 1740 22
606 1715 761 1742 abstitisset
780 1717 802 1742 <5
817 1717 825 1748 {1
840 1719 873 1742 ’28
894 1716 1064 1749 cogitatione
1085 1717 1107 1742 ό
1121 1718 1129 1749 Ν

118 1751 150 1774 30
169 1749 283 1782 poenita
298 1752 321 1774 N
