1291 1912
508 41 582 68 XVI]
602 44 630 73 2;
651 44 666 66 3
1030 40 1091 72 195

84 123 246 155 consilia
270 124 402 154 facere.
450 123 786 162 Commutationes,
813 123 843 154 id
868 125 915 154 est
939 123 1091 153 conlatio-

83 179 137 199 nes
171 169 550 208 comimminutionesque,
582 178 646 198 non
680 168 794 198 usitate
825 168 918 207 dixit,
951 169 997 198 set
1026 178 1090 198 non

82 212 187 243 hercle
211 213 323 243 inscite
348 223 405 243 nec
429 213 629 254 ineleganter.

149 256 235 288 Haeo
266 268 324 297 ego
355 268 455 297 pauca
482 257 607 288 interim
637 267 731 296 super
758 266 795 286 eo
824 256 919 293 libro,
953 264 1132 296 quorum‘27

0 314 5 333 1
55 314 66 332 5
82 302 234 332 memoria
259 304 331 342 post
355 302 523 333 lectionem
548 301 754 342 subpetierat,
778 300 857 331 mihi
881 301 998 331 notavi.

562 415 610 447 III

80 476 173 502 Verba
198 477 232 503 M.
254 477 386 503 Varronis
415 486 446 503 ex
474 477 544 502 libro
570 477 666 510 quinto
691 478 719 502 et
741 476 872 502 vicesimo
897 476 1088 507 humanarum,

115 513 216 545 quibus
237 515 333 539 contra
353 513 512 547 opinionem
533 513 684 546 volgariam
704 512 903 545 interpretatus
920 515 961 538 est
976 512 1088 538 Homeri

115 556 232 574 versum.

41 624 65 643 ιο
146 611 183 642 111
208 612 407 643 sermonibus
431 613 522 647 forte,
546 622 625 652 quos
650 612 686 642 de
708 611 905 652 temporibus
925 622 1029 642 rerum
1049 611 1088 642 ad
1118 620 1129 642 1

80 667 154 687 usus
199 656 365 687 hominum
409 658 604 697 repertarum
646 656 857 697 agitabamus,
904 656 1087 686 adulescens

80 700 237 741 quispiam
272 711 335 731 non
367 701 512 731 indoctus
542 701 640 741 sparti
669 711 794 741 quoque
822 712 914 731 usum
944 700 977 730 in
1005 702 1088 731 terra

80 743 210 776 Graecia
248 745 301 776 diu
335 745 533 786 incognitum
566 745 664 776 fuisse
697 745 776 776 dixit
808 745 982 784 multisque
1015 747 1088 785 post

78 788 172 820 Ilium
203 792 331 830 captum
361 790 604 830 tempestatibus
634 801 672 820 ex
695 791 777 820 terra
800 789 956 829 Hispania
980 789 1087 820 advec-

39 846 63 865 15
78 836 155 864 tum.
208 833 358 865 Riserunt
391 834 452 865 hoo
485 834 523 864 ad
558 834 761 865 inludendum
795 845 833 864 ex
863 834 926 873 his,
959 834 1014 874 qui
1042 833 1087 864 ibi
1116 842 1130 864 2

78 878 217 915 aderant
240 890 322 909 unus
347 881 441 919 atque
461 878 548 917 alter,
573 879 654 909 male
674 879 817 909 homines
836 878 977 918 litterati,
1002 878 1087 918 quod

79 933 178 963 genus
203 922 379 963 ἀγοραιους
405 923 516 953 Graeci
540 923 715 963 appellant,
743 925 838 962 atque
861 933 947 961 eum,
977 923 1031 963 qui
1056 922 1086 953 id

79 967 212 1007 dixerat,
246 967 363 998 librum
396 968 511 1008 legisse
540 967 694 998 Homeri
727 967 866 1007 aiebant,
899 968 949 998 eui
978 978 1087 998 versus

78 1011 130 1042 hic
153 1012 236 1042 forte
261 1012 382 1043 deesset
406 1012 464 1046 (Il.
480 1012 524 1042 II
535 1014 622 1045 135st

39 1095 64 1114 το
122 1082 184 1114 καὶ
210 1084 254 1123 δὴ
279 1084 401 1124 δοῦρα
422 1083 561 1123 σέσηπε
585 1088 679 1114 νεῶν
699 1082 760 1114 καὶ
781 1083 930 1123 σπάρτα
952 1082 1087 1113 λέλυν-

661 1139 729 1158 ται.

143 1198 225 1229 Tum
245 1199 299 1229 ille
319 1209 465 1239 prorsum
486 1199 646 1229 inritatus:
669 1199 755 1229 ‘non'
775 1198 880 1238 inquit
901 1199 983 1229 ‘meo
1002 1198 1084 1229 libro
1114 1206 1128 1229 3

77 1253 185 1274 versus
211 1244 279 1283 iste,
303 1243 354 1274 sed
381 1243 471 1273 vobis
496 1244 589 1283 plane
609 1243 760 1284 magister
779 1243 887 1282 defuit,
912 1243 938 1273 si
958 1242 1085 1273 creditis

78 1287 110 1318 in
134 1298 170 1318 eo
192 1299 284 1318 versu
305 1288 452 1327 σπάρτα
473 1288 504 1317 id
524 1287 711 1328 significare,
735 1287 820 1327 quod
840 1298 897 1317 nos
918 1287 1084 1328 ‘spartum'

38 1344 62 1364 85
78 1332 232 1363 dicimus’.
278 1331 431 1363 Maiorem
458 1332 503 1362 illi
528 1332 626 1362 risum
651 1332 825 1371 subiciunt,
853 1342 955 1371 neque
980 1331 1011 1362 id
1035 1331 1084 1362 de-
1113 1340 1129 1362 4

78 1377 235 1416 stiterunt,
258 1377 320 1407 nisi
343 1377 442 1407 liber
464 1376 502 1406 ab
523 1387 559 1407 eo
580 1377 722 1416 prolatus
742 1378 825 1407 esset
844 1375 885 1406 M.
902 1375 1085 1407 Varronis

77 1421 279 1452 vicesimus
313 1422 469 1460 quintus
503 1420 761 1459 humanarum,
795 1421 827 1451 in
860 1430 924 1460 quo
957 1420 994 1451 de
1022 1420 1084 1451 isto

77 1464 231 1496 Homeri
251 1465 348 1496 verbo
368 1477 386 1496 a
401 1465 571 1496 Varrone
590 1465 635 1495 ita
655 1465 806 1505 scriptum
827 1467 875 1495 est
889 1466 942 1504 (fr.
958 1467 977 1495 4
994 1464 1084 1503 M'e'jz

149 1592 161 1614 1
183 1588 386 1614 consolationes
402 1590 422 1616 Q,
436 1590 444 1621 ΙΙ
459 1591 474 1613 2
490 1596 543 1613 non
559 1588 692 1614 inusitate
708 1587 823 1613 dixisset
838 1596 892 1613 uon
907 1588 930 1613 d
944 1588 952 1621 Η
969 1590 981 1613 7
998 1587 1084 1613 uerba

77 1624 197 1658 quedam
212 1624 246 1649 M.
264 1626 284 1652 Q
298 1625 306 1657 Η
322 1626 353 1649 12
373 1624 522 1656 quisquam
537 1626 554 1648 Z
569 1626 576 1656 Η
593 1626 624 1648 15
644 1623 678 1649 iis
693 1626 769 1648 NOX
783 1624 791 1656 Η
808 1625 838 1648 19
859 1624 932 1649 esset
947 1623 969 1649 d
983 1624 991 1656 Η
1006 1626 1038 1648 22
1054 1623 1082 1648 in

78 1667 108 1685 eo
121 1659 138 1685 l.
150 1662 167 1684 Z
182 1661 190 1693 ΙΙ
205 1662 237 1685 23
253 1660 306 1685 iste
318 1659 387 1685 Lion
404 1659 463 1692 ipse
475 1660 535 1688 ΕΠ
548 1667 576 1684 ee
587 1661 604 1684 Z
620 1659 667 1684 sed
677 1661 754 1684 NOX
768 1658 836 1692 ipse=
852 1659 900 1684 sed
911 1659 1061 1693 Lmegyolius
1075 1659 1083 1693 Η

78 1697 110 1720 25
139 1695 326 1721 destituerunt
348 1694 422 1727 (dist.
447 1696 474 1729 Z)
499 1695 571 1727 Q¹Z‚·
594 1696 683 1728 possis
711 1694 853 1720 desierunt
883 1695 919 1720 vel
948 1694 1012 1720 inde
1037 1694 1082 1719 de-

78 1730 207 1756 stiterunt

873 1774 923 1800 13*
