1291 1912
71 570 95 588 10

71 791 94 810 15

70 1013 95 1032 20

523 29 585 55 xm
605 32 703 63 14315
1076 29 1113 60 71

110 112 251 153 auspicio
280 123 299 142 a
327 111 464 142 Romulo
494 112 547 143 sit:
576 110 722 142 Idcirco
752 111 856 152 inquit
885 122 1024 150 omnes,
1053 111 1143 151 quio

110 157 319 198 pomerium
344 157 603 197 protulerunt,
626 158 788 187 montem
814 156 927 187 istum
947 156 1117 186 excluse-

110 203 197 232 runt
221 201 327 241 quasi
352 201 485 231 avibus
510 200 685 232 obscenis
710 201 930 231 ominosum.

177 244 237 277 Sed
279 244 317 276 de
354 244 513 276 Aventino
556 247 663 276 monte
700 244 1015 285 praetermittendum
1052 252 1142 275 non?

111 290 232 330 putavi,
261 290 346 330 quod
370 300 435 320 non
459 289 581 330 pridem
605 300 664 331 ego
689 290 722 320 in
745 289 767 329 †
790 288 938 330 Elydis,
962 299 1116 330 gramma-

110 335 164 365 tici
193 335 322 372 veteris,
350 334 621 364 commentario
651 333 780 373 offendi,
809 334 842 364 in
870 344 933 374 quo
962 334 1115 374 scriptum

109 380 176 409 erat
196 378 389 409 Aventinum
413 380 515 417 antea,
539 379 631 409 sicuti
657 378 802 417 diximus,
827 381 914 409 extra
938 378 1116 418 pomerium

109 424 282 462 exclusum,
306 425 378 463 post
401 425 529 453 auctore
554 423 626 453 divo
647 422 778 453 Claudio
803 424 962 462 receptum
985 424 1016 453 et
1034 423 1117 453 intra

111 468 242 508 pomerii
267 468 345 498 fines
371 467 582 499 observatum.

110 607 202 634 Verba
217 616 249 633 ex
264 607 333 633 libro
350 607 485 633 Messalae
501 607 622 641 auguris,
643 607 742 640 quibus
759 607 847 639 docet,
865 607 911 640 qui
928 607 983 632 sint
998 607 1117 633 minores

145 643 324 676 magistratus
340 645 367 668 et
383 643 523 669 consulem
538 645 749 677 praetoremque
765 643 895 677 conlegas
907 651 979 674 esse3
995 643 1023 668 et
1033 650 1117 676 quae-

145 679 208 705 dam
229 679 285 704 alia
305 679 337 704 de
359 679 499 712 auspiciis

175 733 213 764 In
237 734 340 765 edicto
360 735 536 773 consulum,
561 744 623 773 quo
644 733 780 773 edicunt,
804 734 874 774 quis
895 733 960 764 dies
980 733 1117 764 comitiis
1130 742 1142 763 1

109 779 293 809 centuriatis
317 778 443 809 futurus
465 779 515 817 sit,
539 778 688 809 scribitur
707 789 745 809 ex
764 780 868 809 vetere
888 779 990 808 fornia
1009 788 1117 818 perpe-

109 825 176 853 tua:
196 834 240 854 ne
260 823 343 863 quis
364 823 612 864 magistratus
632 822 753 853 minor
768 823 810 853 de
826 823 930 853 caelo
946 833 1117 853 servasse

110 867 211 898 velit.
263 866 378 904 Quaeri
406 867 505 908 igitur
533 868 627 906 solet,
655 867 710 906 qui
738 867 801 898 sint
829 867 1033 908 magistratus
1062 867 1118 897 mi·
1129 874 1143 897 2

109 922 209 942 nores.
257 910 359 952 Super
382 912 440 942 hac
465 922 497 942 re
523 912 600 942 meis
624 911 727 942 verbis
752 911 798 942 nil
822 922 901 952 opus
925 911 995 951 fuit,
1019 922 1117 951 quon-
1129 919 1144 941 3

110 957 171 986 iam
214 956 312 987 liber
351 955 392 986 M.
426 955 610 986 Messalae
652 956 806 997 auguris
849 956 891 986 de
933 956 1118 996 auspiciis

110 1001 266 1041 primus,
286 1011 358 1031 cum
378 1000 439 1031 hoc
459 1000 676 1040 scriberemus,
694 1000 776 1031 forte
796 1000 905 1031 adfuit.
945 1000 1144 1040 Propterea4

110 1056 147 1076 ex
179 1056 216 1076 eo
244 1045 327 1076 libro
356 1045 451 1076 verba
480 1045 579 1085 ipsius
609 1044 761 1076 Messalae
790 1045 1035 1085 subscripsimus
1064 1046 1118 1084 (fr.

109 1092 128 1120 1
147 1089 190 1121 H.
209 1093 241 1120 1¹¹
260 1089 344 1123 Bm:
374 1089 628 1120 Patriciorum
656 1089 828 1130 auspicia
854 1089 892 1120 in
916 1089 1006 1120 duas
1032 1091 1119 1120 sunt

111 1133 232 1165 divisa
278 1136 499 1174 potestates.
566 1133 728 1164 Maxima
775 1136 862 1164 sunt
908 1134 1118 1171 consulum,

111 1181 340 1218 praetorum,
383 1189 588 1209 censorum.
653 1177 783 1218 Neque
826 1180 949 1209 tamen
991 1189 1118 1209 eorum

72 1235 96 1254 25
113 1223 275 1253 omnium
300 1223 400 1253 inter
424 1234 460 1253 se
483 1223 609 1253 eadem
629 1224 693 1253 aut
712 1223 878 1254 eiusdem
899 1223 1119 1263 potestatis,

72 1457 98 1476 30

112 1267 194 1297 ideo
228 1267 325 1307 quod
354 1268 535 1308 conlegae
563 1277 637 1298 non
665 1269 752 1298 sunt
780 1278 957 1298 censores
986 1278 1119 1298 consu-

112 1311 187 1342 lum
217 1314 281 1342 aut
309 1314 540 1352 praetorum,
574 1313 769 1352 praetores
798 1312 994 1342 consulum
1024 1314 1118 1342 sunt.

113 1354 200 1386 Ideo
228 1366 347 1396 neque
377 1356 552 1387 consules
581 1357 644 1386 aut
672 1358 869 1396 praetores
896 1356 1118 1386 censoribus

113 1410 232 1439 neque
256 1411 430 1431 censores
451 1400 674 1431 consulibus
694 1403 757 1431 aut
777 1400 1021 1441 praetoribus
1042 1403 1119 1431 tur-

113 1443 204 1475 bant
235 1447 299 1475 aut
330 1445 498 1476 retinent
530 1444 715 1485 auspicia3
748 1447 785 1476 at
816 1455 991 1476 censores
1021 1445 1120 1475 inter

184 1534 216 1556 22
228 1540 286 1565 sqq.
307 1531 378 1558 Fest.
394 1541 419 1565 p.
438 1534 496 1563 157,
512 1535 543 1557 :31

184 1614 198 1636 3
219 1612 330 1637 omuino
351 1620 410 1637 sum
430 1612 476 1637 do
491 1614 498 1644 Η
514 1615 529 1637 5
550 1611 630 1637 eh‘dis
648 1614 665 1636 Z
689 1611 789 1637 Felicis
809 1612 942 1638 Mereklin
963 1611 1120 1637 Heraclidis

113 1647 197 1673 Hertz
216 1647 350 1680 Epelydis
366 1647 455 1681 Bergk
473 1647 615 1673 Aeliorum
632 1648 717 1673 neseio
733 1656 808 1681 quem
823 1647 866 1674 hic
881 1648 961 1673 latere
976 1648 1098 1681 suspicor
1112 1648 1120 1681 {l

113 1684 281 1753 {oagiffrgu}
292 1684 314 1744 g
329 1686 360 1708 15
380 1683 514 1716 scriptum
533 1685 553 1711 Q,
577 1682 728 1716 scripturus
748 1685 764 1707 Z
779 1684 787 1716 ΙΙ
803 1685 835 1708 23
855 1683 973 1709 maxime
990 1687 1057 1717 sfqd',³',³']s
1079 1685 1098 1711 0,
1113 1684 1122 1716 Η
