<?xml version="1.0" encoding="UTF-8"?>
<!DOCTYPE html PUBLIC "-//W3C//DTD XHTML 1.0 Transitional//EN"
    "http://www.w3.org/TR/xhtml1/DTD/xhtml1-transitional.dtd">
<html xmlns="http://www.w3.org/1999/xhtml" xml:lang="en" lang="en">
 <head>
  <title>
</title>
<meta http-equiv="Content-Type" content="text/html;charset=utf-8" />
  <meta name='ocr-system' content='tesseract 3.04.00' />
  <meta name='ocr-capabilities' content='ocr_page ocr_carea ocr_par ocr_line ocrx_word'/>
</head>
<body>
  <div class='ocr_page' id='page_1' title='image "./agelliinoctiumat02gelluoft_0120.png"; bbox 0 0 1266 1902; ppageno 0'>
   <div class='ocr_carea' id='block_1_1' title="bbox 159 30 705 76">
    <p class='ocr_par' dir='ltr' id='par_1_1' title="bbox 159 30 705 76">
     <span class='ocr_line' id='line_1_1' title="bbox 159 30 705 76; baseline -0.007 -1"><span class='ocrx_word' id='word_1_1' title='bbox 159 30 221 76; x_wconf 71' lang='grc'>114</span> <span class='ocrx_word' id='word_1_2' title='bbox 609 46 672 72; x_wconf 72' lang='lat' dir='ltr'>xiv</span> <span class='ocrx_word' id='word_1_3' title='bbox 691 49 705 71; x_wconf 81' lang='lat'>2</span> 
     </span>
    </p>
   </div>
   <div class='ocr_carea' id='block_1_2' title="bbox 109 127 1161 1534">
    <p class='ocr_par' dir='ltr' id='par_1_2' title="bbox 112 127 1161 696">
     <span class='ocr_line' id='line_1_2' title="bbox 157 127 1161 167; baseline 0.001 -10"><span class='ocrx_word' id='word_1_4' title='bbox 157 127 255 157; x_wconf 76' lang='lat' dir='ltr'>officii</span> <span class='ocrx_word' id='word_1_5' title='bbox 292 127 479 157; x_wconf 77' lang='lat' dir='ltr'>tractatibus</span> <span class='ocrx_word' id='word_1_6' title='bbox 518 129 548 157; x_wconf 88' lang='lat' dir='ltr'>et</span> <span class='ocrx_word' id='word_1_7' title='bbox 580 137 638 157; x_wconf 91' lang='lat' dir='ltr'>nos</span> <span class='ocrx_word' id='word_1_8' title='bbox 671 127 816 167; x_wconf 83' lang='lat' dir='ltr'>posthac,</span> <span class='ocrx_word' id='word_1_9' title='bbox 854 138 924 158; x_wconf 91' lang='lat' dir='ltr'>cum</span> <span class='ocrx_word' id='word_1_10' title='bbox 958 128 1017 158; x_wconf 84' lang='lat' dir='ltr'>erit</span> <span class='ocrx_word' id='word_1_11' title='bbox 1051 127 1161 167; x_wconf 88' lang='lat' dir='ltr'>otium,</span> 
     </span>
     <span class='ocr_line' id='line_1_3' title="bbox 157 170 1161 212; baseline 0 -11"><span class='ocrx_word' id='word_1_12' title='bbox 157 171 272 210; x_wconf 98' lang='lat' dir='ltr'>dicere,</span> <span class='ocrx_word' id='word_1_13' title='bbox 296 171 371 210; x_wconf 90' lang='lat' dir='ltr'>quid</span> <span class='ocrx_word' id='word_1_14' title='bbox 396 171 581 210; x_wconf 71' lang='lat' dir='ltr'>sentiamus,</span> <span class='ocrx_word' id='word_1_15' title='bbox 606 171 791 202; x_wconf 84' lang='lat' dir='ltr'>conabimur</span> <span class='ocrx_word' id='word_1_16' title='bbox 815 173 846 202; x_wconf 91' lang='lat' dir='ltr'>et</span> <span class='ocrx_word' id='word_1_17' title='bbox 868 173 1036 212; x_wconf 83' lang='lat' dir='ltr'>praecepta</span> <span class='ocrx_word' id='word_1_18' title='bbox 1059 170 1161 202; x_wconf 90' lang='lat' dir='ltr'>Aelii</span> 
     </span>
     <span class='ocr_line' id='line_1_4' title="bbox 157 215 1160 256; baseline 0.001 -11"><span class='ocrx_word' id='word_1_19' title='bbox 157 215 368 245; x_wconf 82' lang='lat' dir='ltr'>Tuberonis</span> <span class='ocrx_word' id='word_1_20' title='bbox 393 225 487 255; x_wconf 88' lang='lat' dir='ltr'>super</span> <span class='ocrx_word' id='word_1_21' title='bbox 512 215 617 245; x_wconf 81' lang='lat' dir='ltr'>officio</span> <span class='ocrx_word' id='word_1_22' title='bbox 642 215 763 255; x_wconf 86' lang='lat' dir='ltr'>iudicis,</span> <span class='ocrx_word' id='word_1_23' title='bbox 788 226 868 255; x_wconf 85' lang='lat' dir='ltr'>quae</span> <span class='ocrx_word' id='word_1_24' title='bbox 889 216 1068 256; x_wconf 78' lang='lat' dir='ltr'>nuperrime</span> <span class='ocrx_word' id='word_1_25' title='bbox 1087 216 1160 256; x_wconf 79' lang='lat' dir='ltr'>legi,</span> 
     </span>
     <span class='ocr_line' id='line_1_5' title="bbox 112 258 1160 300; baseline 0 -10"><span class='ocrx_word' id='word_1_26' title='bbox 112 268 143 290; x_wconf 68' lang='lat'>2²1</span> <span class='ocrx_word' id='word_1_27' title='bbox 156 259 396 290; x_wconf 76' lang='lat' dir='ltr'>recensebimus.</span> <span class='ocrx_word' id='word_1_28' title='bbox 457 258 547 295; x_wconf 84' lang='lat' dir='ltr'>Quod</span> <span class='ocrx_word' id='word_1_29' title='bbox 589 261 693 289; x_wconf 86' lang='lat' dir='ltr'>autem</span> <span class='ocrx_word' id='word_1_30' title='bbox 736 259 775 290; x_wconf 85' lang='lat' dir='ltr'>ad</span> <span class='ocrx_word' id='word_1_31' title='bbox 811 260 976 299; x_wconf 89' lang='lat' dir='ltr'>pecuniam</span> <span class='ocrx_word' id='word_1_32' title='bbox 1016 260 1160 300; x_wconf 81' lang='lat' dir='ltr'>pertinet,</span> 
     </span>
     <span class='ocr_line' id='line_1_6' title="bbox 157 303 1160 343; baseline 0.001 -10"><span class='ocrx_word' id='word_1_33' title='bbox 157 314 251 342; x_wconf 89' lang='lat' dir='ltr'>quam</span> <span class='ocrx_word' id='word_1_34' title='bbox 285 303 368 343; x_wconf 87' lang='lat' dir='ltr'>apud</span> <span class='ocrx_word' id='word_1_35' title='bbox 402 303 537 333; x_wconf 87' lang='lat' dir='ltr'>iudicem</span> <span class='ocrx_word' id='word_1_36' title='bbox 566 303 631 343; x_wconf 91' lang='lat' dir='ltr'>peti</span> <span class='ocrx_word' id='word_1_37' title='bbox 660 303 780 340; x_wconf 76' lang='lat' dir='ltr'>dixisti,</span> <span class='ocrx_word' id='word_1_38' title='bbox 814 304 929 334; x_wconf 79' lang='lat' dir='ltr'>suadeo</span> <span class='ocrx_word' id='word_1_39' title='bbox 958 304 1062 334; x_wconf 87' lang='lat' dir='ltr'>hercle</span> <span class='ocrx_word' id='word_1_40' title='bbox 1090 304 1160 343; x_wconf 88' lang='lat' dir='ltr'>tibi,</span> 
     </span>
     <span class='ocr_line' id='line_1_7' title="bbox 155 346 1160 387; baseline 0.001 -10"><span class='ocrx_word' id='word_1_41' title='bbox 155 349 244 377; x_wconf 88' lang='lat' dir='ltr'>utare</span> <span class='ocrx_word' id='word_1_42' title='bbox 268 346 309 377; x_wconf 90' lang='lat' dir='ltr'>M.</span> <span class='ocrx_word' id='word_1_43' title='bbox 331 346 500 386; x_wconf 87' lang='lat' dir='ltr'>Catonis,</span> <span class='ocrx_word' id='word_1_44' title='bbox 524 347 761 387; x_wconf 70' lang='lat' dir='ltr'>prudentissimi</span> <span class='ocrx_word' id='word_1_45' title='bbox 785 348 858 387; x_wconf 81' lang='lat' dir='ltr'>viri,</span> <span class='ocrx_word' id='word_1_46' title='bbox 883 348 1024 387; x_wconf 85' lang='lat' dir='ltr'>consilio,</span> <span class='ocrx_word' id='word_1_47' title='bbox 1049 348 1103 387; x_wconf 89' lang='lat' dir='ltr'>qui</span> <span class='ocrx_word' id='word_1_48' title='bbox 1127 348 1160 378; x_wconf 89' lang='lat' dir='ltr'>in</span> 
     </span>
     <span class='ocr_line' id='line_1_8' title="bbox 157 391 1158 431; baseline 0.001 -10"><span class='ocrx_word' id='word_1_49' title='bbox 157 391 343 430; x_wconf 86' lang='lat' dir='ltr'>oratione,</span> <span class='ocrx_word' id='word_1_50' title='bbox 367 402 460 431; x_wconf 87' lang='lat' dir='ltr'>quam</span> <span class='ocrx_word' id='word_1_51' title='bbox 486 402 551 431; x_wconf 91' lang='lat' dir='ltr'>pro</span> <span class='ocrx_word' id='word_1_52' title='bbox 571 391 604 421; x_wconf 92' lang='lat' dir='ltr'>L.</span> <span class='ocrx_word' id='word_1_53' title='bbox 626 391 739 422; x_wconf 83' lang='lat' dir='ltr'>Turio</span> <span class='ocrx_word' id='word_1_54' title='bbox 763 394 895 422; x_wconf 86' lang='lat' dir='ltr'>contra</span> <span class='ocrx_word' id='word_1_55' title='bbox 915 391 974 422; x_wconf 89' lang='lat' dir='ltr'>Cn.</span> <span class='ocrx_word' id='word_1_56' title='bbox 996 391 1158 422; x_wconf 86' lang='lat' dir='ltr'>Gellium</span> 
     </span>
     <span class='ocr_line' id='line_1_9' title="bbox 156 435 1160 475; baseline 0.001 -10"><span class='ocrx_word' id='word_1_57' title='bbox 156 435 237 465; x_wconf 75' lang='lat' dir='ltr'>dixit</span> <span class='ocrx_word' id='word_1_58' title='bbox 261 435 329 473; x_wconf 78' lang='lat' dir='ltr'>(LI</span> <span class='ocrx_word' id='word_1_59' title='bbox 343 435 402 475; x_wconf 53' lang='lat' dir='ltr'>J3),</span> <span class='ocrx_word' id='word_1_60' title='bbox 431 436 475 465; x_wconf 86' lang='lat' dir='ltr'>ita</span> <span class='ocrx_word' id='word_1_61' title='bbox 504 446 570 466; x_wconf 87' lang='lat' dir='ltr'>esse</span> <span class='ocrx_word' id='word_1_62' title='bbox 599 447 617 465; x_wconf 84' lang='lat' dir='ltr'>a</span> <span class='ocrx_word' id='word_1_63' title='bbox 643 436 815 467; x_wconf 88' lang='lat' dir='ltr'>maioribus</span> <span class='ocrx_word' id='word_1_64' title='bbox 839 436 991 466; x_wconf 86' lang='lat' dir='ltr'>traditum</span> <span class='ocrx_word' id='word_1_65' title='bbox 1015 436 1160 466; x_wconf 87' lang='lat' dir='ltr'>observa-</span> 
     </span>
     <span class='ocr_line' id='line_1_10' title="bbox 155 479 1159 520; baseline 0.001 -11"><span class='ocrx_word' id='word_1_66' title='bbox 155 482 287 519; x_wconf 88' lang='lat' dir='ltr'>tumque</span> <span class='ocrx_word' id='word_1_67' title='bbox 313 479 370 518; x_wconf 85' lang='lat' dir='ltr'>ait,</span> <span class='ocrx_word' id='word_1_68' title='bbox 398 481 434 509; x_wconf 90' lang='lat' dir='ltr'>ut</span> <span class='ocrx_word' id='word_1_69' title='bbox 458 480 496 518; x_wconf 80' lang='lat' dir='ltr'>si,</span> <span class='ocrx_word' id='word_1_70' title='bbox 525 479 609 519; x_wconf 84' lang='lat' dir='ltr'>quod</span> <span class='ocrx_word' id='word_1_71' title='bbox 634 480 716 510; x_wconf 87' lang='lat' dir='ltr'>inter</span> <span class='ocrx_word' id='word_1_72' title='bbox 739 480 816 511; x_wconf 87' lang='lat' dir='ltr'>duos</span> <span class='ocrx_word' id='word_1_73' title='bbox 840 482 944 511; x_wconf 87' lang='lat' dir='ltr'>actum</span> <span class='ocrx_word' id='word_1_74' title='bbox 970 483 1030 519; x_wconf 85' lang='lat' dir='ltr'>est,</span> <span class='ocrx_word' id='word_1_75' title='bbox 1057 490 1159 520; x_wconf 90' lang='lat' dir='ltr'>neque</span> 
     </span>
     <span class='ocr_line' id='line_1_11' title="bbox 155 523 1159 564; baseline 0.001 -11"><span class='ocrx_word' id='word_1_76' title='bbox 155 523 271 554; x_wconf 84' lang='lat' dir='ltr'>tabulis</span> <span class='ocrx_word' id='word_1_77' title='bbox 300 534 402 563; x_wconf 88' lang='lat' dir='ltr'>neque</span> <span class='ocrx_word' id='word_1_78' title='bbox 431 523 565 554; x_wconf 88' lang='lat' dir='ltr'>testibus</span> <span class='ocrx_word' id='word_1_79' title='bbox 594 524 724 564; x_wconf 87' lang='lat' dir='ltr'>planum</span> <span class='ocrx_word' id='word_1_80' title='bbox 748 524 815 554; x_wconf 90' lang='lat' dir='ltr'>fieri</span> <span class='ocrx_word' id='word_1_81' title='bbox 840 524 956 564; x_wconf 79' lang='lat' dir='ltr'>possit,</span> <span class='ocrx_word' id='word_1_82' title='bbox 983 527 1051 555; x_wconf 88' lang='lat' dir='ltr'>tum</span> <span class='ocrx_word' id='word_1_83' title='bbox 1076 524 1159 564; x_wconf 86' lang='lat' dir='ltr'>apud</span> 
     </span>
     <span class='ocr_line' id='line_1_12' title="bbox 155 567 1160 609; baseline 0.001 -12"><span class='ocrx_word' id='word_1_84' title='bbox 155 567 306 607; x_wconf 86' lang='lat' dir='ltr'>iudicem,</span> <span class='ocrx_word' id='word_1_85' title='bbox 339 567 392 607; x_wconf 85' lang='lat' dir='ltr'>qui</span> <span class='ocrx_word' id='word_1_86' title='bbox 426 568 463 598; x_wconf 90' lang='lat' dir='ltr'>de</span> <span class='ocrx_word' id='word_1_87' title='bbox 497 579 532 598; x_wconf 89' lang='lat' dir='ltr'>ea</span> <span class='ocrx_word' id='word_1_88' title='bbox 560 579 592 598; x_wconf 88' lang='lat' dir='ltr'>re</span> <span class='ocrx_word' id='word_1_89' title='bbox 621 571 838 609; x_wconf 78' lang='lat' dir='ltr'>cognosceret,</span> <span class='ocrx_word' id='word_1_90' title='bbox 870 570 940 599; x_wconf 88' lang='lat' dir='ltr'>uter</span> <span class='ocrx_word' id='word_1_91' title='bbox 969 579 1006 599; x_wconf 75' lang='lat' dir='ltr'>ex</span> <span class='ocrx_word' id='word_1_92' title='bbox 1035 568 1084 598; x_wconf 91' lang='lat' dir='ltr'>his</span> <span class='ocrx_word' id='word_1_93' title='bbox 1112 568 1160 598; x_wconf 81' lang='lat' dir='ltr'>vir</span> 
     </span>
     <span class='ocr_line' id='line_1_13' title="bbox 155 612 1158 653; baseline 0.001 -12"><span class='ocrx_word' id='word_1_94' title='bbox 155 612 267 642; x_wconf 82' lang='lat' dir='ltr'>melior</span> <span class='ocrx_word' id='word_1_95' title='bbox 291 614 385 649; x_wconf 80' lang='lat' dir='ltr'>esset,</span> <span class='ocrx_word' id='word_1_96' title='bbox 415 614 617 651; x_wconf 73' lang='lat' dir='ltr'>quaereretur</span> <span class='ocrx_word' id='word_1_97' title='bbox 641 614 685 651; x_wconf 87' lang='lat' dir='ltr'>et,</span> <span class='ocrx_word' id='word_1_98' title='bbox 713 612 738 642; x_wconf 93' lang='lat' dir='ltr'>si</span> <span class='ocrx_word' id='word_1_99' title='bbox 762 624 852 653; x_wconf 84' lang='lat' dir='ltr'>pares</span> <span class='ocrx_word' id='word_1_100' title='bbox 877 615 981 643; x_wconf 91' lang='lat' dir='ltr'>essent</span> <span class='ocrx_word' id='word_1_101' title='bbox 1005 623 1059 642; x_wconf 88' lang='lat' dir='ltr'>seu</span> <span class='ocrx_word' id='word_1_102' title='bbox 1084 612 1158 642; x_wconf 89' lang='lat' dir='ltr'>boni</span> 
     </span>
     <span class='ocr_line' id='line_1_14' title="bbox 155 656 1159 696; baseline 0.001 -11"><span class='ocrx_word' id='word_1_103' title='bbox 155 656 273 696; x_wconf 88' lang='lat' dir='ltr'>pariter</span> <span class='ocrx_word' id='word_1_104' title='bbox 298 667 351 686; x_wconf 89' lang='lat' dir='ltr'>seu</span> <span class='ocrx_word' id='word_1_105' title='bbox 376 656 464 694; x_wconf 76' lang='lat' dir='ltr'>mali,</span> <span class='ocrx_word' id='word_1_106' title='bbox 488 658 556 686; x_wconf 85' lang='lat' dir='ltr'>tum</span> <span class='ocrx_word' id='word_1_107' title='bbox 581 656 641 695; x_wconf 86' lang='lat' dir='ltr'>illi,</span> <span class='ocrx_word' id='word_1_108' title='bbox 665 656 747 687; x_wconf 84' lang='lat' dir='ltr'>unde</span> <span class='ocrx_word' id='word_1_109' title='bbox 771 657 897 696; x_wconf 88' lang='lat' dir='ltr'>petitur,</span> <span class='ocrx_word' id='word_1_110' title='bbox 922 656 1100 687; x_wconf 85' lang='lat' dir='ltr'>crederetur</span> <span class='ocrx_word' id='word_1_111' title='bbox 1123 666 1159 687; x_wconf 82' lang='lat' dir='ltr'>ac</span> 
     </span>
    </p>

    <p class='ocr_par' dir='ltr' id='par_1_3' title="bbox 112 699 1159 828">
     <span class='ocr_line' id='line_1_15' title="bbox 112 699 1159 739; baseline 0.001 -9"><span class='ocrx_word' id='word_1_112' title='bbox 112 708 143 731; x_wconf 74' lang='lat'>22</span> <span class='ocrx_word' id='word_1_113' title='bbox 157 699 328 730; x_wconf 88' lang='lat' dir='ltr'>secundum</span> <span class='ocrx_word' id='word_1_114' title='bbox 358 711 429 730; x_wconf 90' lang='lat' dir='ltr'>eum</span> <span class='ocrx_word' id='word_1_115' title='bbox 458 700 658 730; x_wconf 84' lang='lat' dir='ltr'>iudicaretur.</span> <span class='ocrx_word' id='word_1_116' title='bbox 703 699 739 730; x_wconf 88' lang='lat' dir='ltr'>In</span> <span class='ocrx_word' id='word_1_117' title='bbox 767 700 826 731; x_wconf 86' lang='lat' dir='ltr'>hac</span> <span class='ocrx_word' id='word_1_118' title='bbox 854 703 959 731; x_wconf 86' lang='lat' dir='ltr'>autem</span> <span class='ocrx_word' id='word_1_119' title='bbox 987 711 1093 739; x_wconf 86' lang='lat' dir='ltr'>causa,</span> <span class='ocrx_word' id='word_1_120' title='bbox 1121 700 1159 731; x_wconf 88' lang='lat' dir='ltr'>de</span> 
     </span>
     <span class='ocr_line' id='line_1_16' title="bbox 155 744 1158 785; baseline 0.001 -11"><span class='ocrx_word' id='word_1_121' title='bbox 155 755 217 783; x_wconf 86' lang='lat' dir='ltr'>qua</span> <span class='ocrx_word' id='word_1_122' title='bbox 241 746 275 774; x_wconf 83' lang='lat' dir='ltr'>tu</span> <span class='ocrx_word' id='word_1_123' title='bbox 299 744 448 785; x_wconf 80' lang='lat' dir='ltr'>ambigis,</span> <span class='ocrx_word' id='word_1_124' title='bbox 478 745 617 784; x_wconf 90' lang='lat' dir='ltr'>optimus</span> <span class='ocrx_word' id='word_1_125' title='bbox 642 746 702 784; x_wconf 89' lang='lat' dir='ltr'>est,</span> <span class='ocrx_word' id='word_1_126' title='bbox 730 745 784 784; x_wconf 90' lang='lat' dir='ltr'>qui</span> <span class='ocrx_word' id='word_1_127' title='bbox 808 745 901 785; x_wconf 86' lang='lat' dir='ltr'>petit,</span> <span class='ocrx_word' id='word_1_128' title='bbox 925 745 1008 775; x_wconf 87' lang='lat' dir='ltr'>unde</span> <span class='ocrx_word' id='word_1_129' title='bbox 1031 744 1158 785; x_wconf 88' lang='lat' dir='ltr'>petitur,</span> 
     </span>
     <span class='ocr_line' id='line_1_17' title="bbox 155 788 1158 828; baseline 0.001 -10"><span class='ocrx_word' id='word_1_130' title='bbox 155 788 355 828; x_wconf 86' lang='lat' dir='ltr'>deterrimus,</span> <span class='ocrx_word' id='word_1_131' title='bbox 388 790 418 818; x_wconf 90' lang='lat' dir='ltr'>et</span> <span class='ocrx_word' id='word_1_132' title='bbox 450 799 500 818; x_wconf 89' lang='lat' dir='ltr'>res</span> <span class='ocrx_word' id='word_1_133' title='bbox 531 791 578 819; x_wconf 86' lang='lat' dir='ltr'>est</span> <span class='ocrx_word' id='word_1_134' title='bbox 607 789 689 819; x_wconf 87' lang='lat' dir='ltr'>inter</span> <span class='ocrx_word' id='word_1_135' title='bbox 716 788 793 819; x_wconf 88' lang='lat' dir='ltr'>duos</span> <span class='ocrx_word' id='word_1_136' title='bbox 822 791 892 820; x_wconf 85' lang='lat' dir='ltr'>acta</span> <span class='ocrx_word' id='word_1_137' title='bbox 921 790 987 819; x_wconf 89' lang='lat' dir='ltr'>sine</span> <span class='ocrx_word' id='word_1_138' title='bbox 1015 788 1158 819; x_wconf 87' lang='lat' dir='ltr'>testibus.</span> 
     </span>
    </p>

    <p class='ocr_par' dir='ltr' id='par_1_4' title="bbox 111 832 1159 960">
     <span class='ocr_line' id='line_1_18' title="bbox 111 832 1159 873; baseline 0.001 -11"><span class='ocrx_word' id='word_1_139' title='bbox 111 841 143 863; x_wconf 71' lang='lat'>‘23</span> <span class='ocrx_word' id='word_1_140' title='bbox 155 832 218 863; x_wconf 83' lang='lat' dir='ltr'>Eas</span> <span class='ocrx_word' id='word_1_141' title='bbox 244 832 341 873; x_wconf 82' lang='lat' dir='ltr'>igitur</span> <span class='ocrx_word' id='word_1_142' title='bbox 365 835 395 862; x_wconf 89' lang='lat' dir='ltr'>et</span> <span class='ocrx_word' id='word_1_143' title='bbox 420 832 526 863; x_wconf 84' lang='lat' dir='ltr'>credas</span> <span class='ocrx_word' id='word_1_144' title='bbox 551 833 588 872; x_wconf 89' lang='lat' dir='ltr'>ei,</span> <span class='ocrx_word' id='word_1_145' title='bbox 612 833 668 872; x_wconf 88' lang='lat' dir='ltr'>qui</span> <span class='ocrx_word' id='word_1_146' title='bbox 691 833 780 873; x_wconf 83' lang='lat' dir='ltr'>petit,</span> <span class='ocrx_word' id='word_1_147' title='bbox 804 833 1057 873; x_wconf 82' lang='lat' dir='ltr'>condemnesque</span> <span class='ocrx_word' id='word_1_148' title='bbox 1078 843 1159 872; x_wconf 73' lang='lat' dir='ltr'>eum,</span> 
     </span>
     <span class='ocr_line' id='line_1_19' title="bbox 155 876 1158 917; baseline 0.001 -11"><span class='ocrx_word' id='word_1_149' title='bbox 155 876 192 907; x_wconf 87' lang='lat' dir='ltr'>de</span> <span class='ocrx_word' id='word_1_150' title='bbox 217 887 279 916; x_wconf 85' lang='lat' dir='ltr'>quo</span> <span class='ocrx_word' id='word_1_151' title='bbox 303 877 436 916; x_wconf 87' lang='lat' dir='ltr'>petitur,</span> <span class='ocrx_word' id='word_1_152' title='bbox 465 877 629 916; x_wconf 86' lang='lat' dir='ltr'>quoniam,</span> <span class='ocrx_word' id='word_1_153' title='bbox 657 877 749 907; x_wconf 87' lang='lat' dir='ltr'>sicuti</span> <span class='ocrx_word' id='word_1_154' title='bbox 774 877 865 916; x_wconf 87' lang='lat' dir='ltr'>(licis,</span> <span class='ocrx_word' id='word_1_155' title='bbox 894 877 955 907; x_wconf 88' lang='lat' dir='ltr'>duo</span> <span class='ocrx_word' id='word_1_156' title='bbox 981 888 1071 917; x_wconf 88' lang='lat' dir='ltr'>pares</span> <span class='ocrx_word' id='word_1_157' title='bbox 1094 887 1158 907; x_wconf 89' lang='lat' dir='ltr'>non</span> 
     </span>
     <span class='ocr_line' id='line_1_20' title="bbox 155 921 718 960; baseline 0.002 -10"><span class='ocrx_word' id='word_1_158' title='bbox 155 923 228 951; x_wconf 91' lang='lat' dir='ltr'>sunt</span> <span class='ocrx_word' id='word_1_159' title='bbox 252 923 295 959; x_wconf 88' lang='lat' dir='ltr'>et,</span> <span class='ocrx_word' id='word_1_160' title='bbox 320 921 374 960; x_wconf 89' lang='lat' dir='ltr'>qui</span> <span class='ocrx_word' id='word_1_161' title='bbox 400 921 492 960; x_wconf 86' lang='lat' dir='ltr'>petit,</span> <span class='ocrx_word' id='word_1_162' title='bbox 516 921 629 951; x_wconf 87' lang='lat' dir='ltr'>melior</span> <span class='ocrx_word' id='word_1_163' title='bbox 652 921 718 951; x_wconf 86' lang='lat' dir='ltr'>est.’</span> 
     </span>
    </p>

    <p class='ocr_par' dir='ltr' id='par_1_5' title="bbox 110 964 1156 1004">
     <span class='ocr_line' id='line_1_21' title="bbox 110 964 1156 1004; baseline -0.001 -8"><span class='ocrx_word' id='word_1_164' title='bbox 110 974 142 996; x_wconf 69' lang='lat'>⁴24</span> <span class='ocrx_word' id='word_1_165' title='bbox 221 964 292 995; x_wconf 87' lang='lat' dir='ltr'>Hoc</span> <span class='ocrx_word' id='word_1_166' title='bbox 332 965 458 1004; x_wconf 86' lang='lat' dir='ltr'>quidem</span> <span class='ocrx_word' id='word_1_167' title='bbox 497 965 575 995; x_wconf 89' lang='lat' dir='ltr'>mihi</span> <span class='ocrx_word' id='word_1_168' title='bbox 613 968 680 995; x_wconf 88' lang='lat' dir='ltr'>tum</span> <span class='ocrx_word' id='word_1_169' title='bbox 718 964 941 1004; x_wconf 86' lang='lat' dir='ltr'>Favorinus,</span> <span class='ocrx_word' id='word_1_170' title='bbox 983 967 1018 995; x_wconf 90' lang='lat' dir='ltr'>ut</span> <span class='ocrx_word' id='word_1_171' title='bbox 1054 965 1156 995; x_wconf 87' lang='lat' dir='ltr'>virum</span> 
     </span>
    </p>

    <p class='ocr_par' dir='ltr' id='par_1_6' title="bbox 110 1008 1157 1304">
     <span class='ocr_line' id='line_1_22' title="bbox 110 1008 1157 1050; baseline -0.001 -10"><span class='ocrx_word' id='word_1_172' title='bbox 110 1018 141 1040; x_wconf 71' lang='lat'>25</span> <span class='ocrx_word' id='word_1_173' title='bbox 154 1009 381 1049; x_wconf 88' lang='lat' dir='ltr'>philosophum</span> <span class='ocrx_word' id='word_1_174' title='bbox 407 1009 525 1048; x_wconf 77' lang='lat' dir='ltr'>decuit,</span> <span class='ocrx_word' id='word_1_175' title='bbox 554 1010 660 1039; x_wconf 86' lang='lat' dir='ltr'>suasit.</span> <span class='ocrx_word' id='word_1_176' title='bbox 708 1008 767 1039; x_wconf 84' lang='lat' dir='ltr'>Sed</span> <span class='ocrx_word' id='word_1_177' title='bbox 793 1010 893 1040; x_wconf 90' lang='lat' dir='ltr'>maius</span> <span class='ocrx_word' id='word_1_178' title='bbox 917 1020 975 1050; x_wconf 84' lang='lat' dir='ltr'>ego</span> <span class='ocrx_word' id='word_1_179' title='bbox 1000 1009 1157 1049; x_wconf 88' lang='lat' dir='ltr'>altiusque</span> 
     </span>
     <span class='ocr_line' id='line_1_23' title="bbox 154 1053 1157 1093; baseline 0 -10"><span class='ocrx_word' id='word_1_180' title='bbox 154 1053 185 1083; x_wconf 87' lang='lat' dir='ltr'>id</span> <span class='ocrx_word' id='word_1_181' title='bbox 214 1063 280 1084; x_wconf 90' lang='lat' dir='ltr'>esse</span> <span class='ocrx_word' id='word_1_182' title='bbox 305 1053 497 1092; x_wconf 76' lang='lat' dir='ltr'>existimavi,</span> <span class='ocrx_word' id='word_1_183' title='bbox 526 1064 619 1093; x_wconf 91' lang='lat' dir='ltr'>quam</span> <span class='ocrx_word' id='word_1_184' title='bbox 646 1053 729 1093; x_wconf 89' lang='lat' dir='ltr'>quod</span> <span class='ocrx_word' id='word_1_185' title='bbox 753 1064 840 1084; x_wconf 84' lang='lat' dir='ltr'>meae</span> <span class='ocrx_word' id='word_1_186' title='bbox 864 1054 960 1084; x_wconf 85' lang='lat' dir='ltr'>aetati</span> <span class='ocrx_word' id='word_1_187' title='bbox 985 1055 1017 1084; x_wconf 85' lang='lat' dir='ltr'>et</span> <span class='ocrx_word' id='word_1_188' title='bbox 1040 1053 1157 1083; x_wconf 87' lang='lat' dir='ltr'>medio-</span> 
     </span>
     <span class='ocr_line' id='line_1_24' title="bbox 154 1097 1157 1138; baseline 0.001 -11"><span class='ocrx_word' id='word_1_189' title='bbox 154 1097 258 1127; x_wconf 84' lang='lat' dir='ltr'>critati</span> <span class='ocrx_word' id='word_1_190' title='bbox 292 1097 487 1136; x_wconf 84' lang='lat' dir='ltr'>conveniret,</span> <span class='ocrx_word' id='word_1_191' title='bbox 519 1099 555 1128; x_wconf 88' lang='lat' dir='ltr'>ut</span> <span class='ocrx_word' id='word_1_192' title='bbox 588 1098 773 1138; x_wconf 77' lang='lat' dir='ltr'>cognovisse</span> <span class='ocrx_word' id='word_1_193' title='bbox 806 1100 836 1128; x_wconf 87' lang='lat' dir='ltr'>et</span> <span class='ocrx_word' id='word_1_194' title='bbox 867 1098 1091 1128; x_wconf 79' lang='lat' dir='ltr'>condemnasse</span> <span class='ocrx_word' id='word_1_195' title='bbox 1120 1097 1157 1127; x_wconf 87' lang='lat' dir='ltr'>de</span> 
     </span>
     <span class='ocr_line' id='line_1_25' title="bbox 153 1141 1157 1182; baseline 0.001 -12"><span class='ocrx_word' id='word_1_196' title='bbox 153 1141 307 1179; x_wconf 85' lang='lat' dir='ltr'>moribus,</span> <span class='ocrx_word' id='word_1_197' title='bbox 336 1152 401 1171; x_wconf 88' lang='lat' dir='ltr'>non</span> <span class='ocrx_word' id='word_1_198' title='bbox 429 1141 467 1171; x_wconf 90' lang='lat' dir='ltr'>de</span> <span class='ocrx_word' id='word_1_199' title='bbox 495 1141 736 1181; x_wconf 85' lang='lat' dir='ltr'>probationibus</span> <span class='ocrx_word' id='word_1_200' title='bbox 760 1141 804 1172; x_wconf 90' lang='lat' dir='ltr'>rei</span> <span class='ocrx_word' id='word_1_201' title='bbox 830 1144 935 1182; x_wconf 83' lang='lat' dir='ltr'>gestae</span> <span class='ocrx_word' id='word_1_202' title='bbox 958 1141 1094 1180; x_wconf 73' lang='lat' dir='ltr'>viderer3</span> <span class='ocrx_word' id='word_1_203' title='bbox 1122 1144 1157 1171; x_wconf 86' lang='lat' dir='ltr'>ut</span> 
     </span>
     <span class='ocr_line' id='line_1_26' title="bbox 153 1185 1157 1225; baseline 0.001 -10"><span class='ocrx_word' id='word_1_204' title='bbox 153 1185 349 1216; x_wconf 86' lang='lat' dir='ltr'>absolverem</span> <span class='ocrx_word' id='word_1_205' title='bbox 378 1187 498 1225; x_wconf 84' lang='lat' dir='ltr'>tamen,</span> <span class='ocrx_word' id='word_1_206' title='bbox 527 1186 673 1216; x_wconf 86' lang='lat' dir='ltr'>inducere</span> <span class='ocrx_word' id='word_1_207' title='bbox 702 1186 734 1216; x_wconf 90' lang='lat' dir='ltr'>in</span> <span class='ocrx_word' id='word_1_208' title='bbox 762 1186 902 1216; x_wconf 90' lang='lat' dir='ltr'>animum</span> <span class='ocrx_word' id='word_1_209' title='bbox 927 1196 991 1216; x_wconf 91' lang='lat' dir='ltr'>non</span> <span class='ocrx_word' id='word_1_210' title='bbox 1016 1186 1102 1225; x_wconf 80' lang='lat' dir='ltr'>quivi</span> <span class='ocrx_word' id='word_1_211' title='bbox 1127 1187 1157 1216; x_wconf 87' lang='lat' dir='ltr'>et</span> 
     </span>
     <span class='ocr_line' id='line_1_27' title="bbox 152 1229 1156 1269; baseline 0.001 -10"><span class='ocrx_word' id='word_1_212' title='bbox 152 1232 319 1269; x_wconf 87' lang='lat' dir='ltr'>propterea</span> <span class='ocrx_word' id='word_1_213' title='bbox 348 1229 448 1259; x_wconf 81' lang='lat' dir='ltr'>iuravi</span> <span class='ocrx_word' id='word_1_214' title='bbox 478 1229 556 1260; x_wconf 87' lang='lat' dir='ltr'>mihi</span> <span class='ocrx_word' id='word_1_215' title='bbox 584 1240 649 1260; x_wconf 91' lang='lat' dir='ltr'>non</span> <span class='ocrx_word' id='word_1_216' title='bbox 677 1230 796 1269; x_wconf 82' lang='lat' dir='ltr'>liquere</span> <span class='ocrx_word' id='word_1_217' title='bbox 825 1232 920 1269; x_wconf 85' lang='lat' dir='ltr'>atque</span> <span class='ocrx_word' id='word_1_218' title='bbox 948 1230 992 1260; x_wconf 84' lang='lat' dir='ltr'>ita</span> <span class='ocrx_word' id='word_1_219' title='bbox 1017 1229 1156 1260; x_wconf 84' lang='lat' dir='ltr'>iudicatu</span> 
     </span>
     <span class='ocr_line' id='line_1_28' title="bbox 153 1273 458 1304; baseline 0 -1"><span class='ocrx_word' id='word_1_220' title='bbox 153 1273 208 1303; x_wconf 83' lang='lat' dir='ltr'>illo</span> <span class='ocrx_word' id='word_1_221' title='bbox 234 1274 356 1303; x_wconf 89' lang='lat' dir='ltr'>solutus</span> <span class='ocrx_word' id='word_1_222' title='bbox 381 1284 458 1304; x_wconf 89' lang='lat' dir='ltr'>sum.</span> 
     </span>
    </p>

    <p class='ocr_par' dir='ltr' id='par_1_7' title="bbox 109 1317 1156 1534">
     <span class='ocr_line' id='line_1_29' title="bbox 109 1317 1156 1357; baseline -0.001 -9"><span class='ocrx_word' id='word_1_223' title='bbox 109 1326 141 1348; x_wconf 77' lang='lat'>20</span> <span class='ocrx_word' id='word_1_224' title='bbox 220 1317 325 1348; x_wconf 85' lang='lat' dir='ltr'>Verba</span> <span class='ocrx_word' id='word_1_225' title='bbox 363 1328 401 1348; x_wconf 81' lang='lat' dir='ltr'>ex</span> <span class='ocrx_word' id='word_1_226' title='bbox 432 1318 606 1348; x_wconf 86' lang='lat' dir='ltr'>oratione</span> <span class='ocrx_word' id='word_1_227' title='bbox 634 1317 674 1348; x_wconf 92' lang='lat' dir='ltr'>M.</span> <span class='ocrx_word' id='word_1_228' title='bbox 705 1317 872 1357; x_wconf 67' lang='lat' dir='ltr'>Catonis,</span> <span class='ocrx_word' id='word_1_229' title='bbox 905 1318 993 1348; x_wconf 90' lang='lat' dir='ltr'>cuius</span> <span class='ocrx_word' id='word_1_230' title='bbox 1022 1328 1156 1348; x_wconf 84' lang='lat' dir='ltr'>comme-</span> 
     </span>
     <span class='ocr_line' id='line_1_30' title="bbox 152 1361 1156 1402; baseline 0.001 -11"><span class='ocrx_word' id='word_1_231' title='bbox 152 1361 246 1392; x_wconf 88' lang='lat' dir='ltr'>mim&#39;t</span> <span class='ocrx_word' id='word_1_232' title='bbox 274 1361 497 1401; x_wconf 86' lang='lat' dir='ltr'>Favorinus,</span> <span class='ocrx_word' id='word_1_233' title='bbox 525 1361 603 1393; x_wconf 88' lang='lat' dir='ltr'>haec</span> <span class='ocrx_word' id='word_1_234' title='bbox 631 1364 716 1392; x_wconf 84' lang='lat' dir='ltr'>sunt:</span> <span class='ocrx_word' id='word_1_235' title='bbox 747 1361 871 1401; x_wconf 86' lang='lat' dir='ltr'>Atque</span> <span class='ocrx_word' id='word_1_236' title='bbox 900 1372 967 1402; x_wconf 81' lang='lat' dir='ltr'>ego</span> <span class='ocrx_word' id='word_1_237' title='bbox 997 1373 1014 1392; x_wconf 92' lang='lat' dir='ltr'>a</span> <span class='ocrx_word' id='word_1_238' title='bbox 1042 1362 1156 1392; x_wconf 91' lang='lat' dir='ltr'>maio-</span> 
     </span>
     <span class='ocr_line' id='line_1_31' title="bbox 151 1405 1154 1446; baseline 0.001 -11"><span class='ocrx_word' id='word_1_239' title='bbox 151 1405 257 1435; x_wconf 85' lang='lat' dir='ltr'>ribus</span> <span class='ocrx_word' id='word_1_240' title='bbox 281 1406 460 1436; x_wconf 88' lang='lat' dir='ltr'>memoria</span> <span class='ocrx_word' id='word_1_241' title='bbox 485 1406 539 1436; x_wconf 88' lang='lat' dir='ltr'>sic</span> <span class='ocrx_word' id='word_1_242' title='bbox 562 1406 703 1446; x_wconf 83' lang='lat' dir='ltr'>accepi:</span> <span class='ocrx_word' id='word_1_243' title='bbox 728 1406 758 1436; x_wconf 90' lang='lat' dir='ltr'>si</span> <span class='ocrx_word' id='word_1_244' title='bbox 782 1406 866 1446; x_wconf 84' lang='lat' dir='ltr'>quis</span> <span class='ocrx_word' id='word_1_245' title='bbox 889 1406 977 1445; x_wconf 86' lang='lat' dir='ltr'>quid</span> <span class='ocrx_word' id='word_1_246' title='bbox 997 1406 1093 1436; x_wconf 85' lang='lat' dir='ltr'>alter</span> <span class='ocrx_word' id='word_1_247' title='bbox 1112 1405 1154 1436; x_wconf 85' lang='lat' dir='ltr'>ab</span> 
     </span>
     <span class='ocr_line' id='line_1_32' title="bbox 152 1450 1155 1490; baseline 0 -10"><span class='ocrx_word' id='word_1_248' title='bbox 152 1450 273 1480; x_wconf 80' lang='lat' dir='ltr'>altero</span> <span class='ocrx_word' id='word_1_249' title='bbox 311 1452 498 1489; x_wconf 79' lang='lat' dir='ltr'>peterent,</span> <span class='ocrx_word' id='word_1_250' title='bbox 541 1451 570 1480; x_wconf 88' lang='lat' dir='ltr'>si</span> <span class='ocrx_word' id='word_1_251' title='bbox 608 1450 713 1480; x_wconf 85' lang='lat' dir='ltr'>ambo</span> <span class='ocrx_word' id='word_1_252' title='bbox 751 1461 859 1490; x_wconf 87' lang='lat' dir='ltr'>pares</span> <span class='ocrx_word' id='word_1_253' title='bbox 897 1452 1035 1489; x_wconf 84' lang='lat' dir='ltr'>essent,</span> <span class='ocrx_word' id='word_1_254' title='bbox 1078 1450 1155 1480; x_wconf 85' lang='lat' dir='ltr'>sive</span> 
     </span>
     <span class='ocr_line' id='line_1_33' title="bbox 152 1493 1155 1534; baseline 0.001 -11"><span class='ocrx_word' id='word_1_255' title='bbox 152 1493 240 1523; x_wconf 87' lang='lat' dir='ltr'>boni</span> <span class='ocrx_word' id='word_1_256' title='bbox 266 1494 343 1524; x_wconf 78' lang='lat' dir='ltr'>sive</span> <span class='ocrx_word' id='word_1_257' title='bbox 368 1494 456 1524; x_wconf 87' lang='lat' dir='ltr'>mali</span> <span class='ocrx_word' id='word_1_258' title='bbox 481 1496 620 1533; x_wconf 84' lang='lat' dir='ltr'>essent,</span> <span class='ocrx_word' id='word_1_259' title='bbox 645 1494 741 1533; x_wconf 89' lang='lat' dir='ltr'>quod</span> <span class='ocrx_word' id='word_1_260' title='bbox 764 1494 833 1524; x_wconf 88' lang='lat' dir='ltr'>duo</span> <span class='ocrx_word' id='word_1_261' title='bbox 853 1505 910 1524; x_wconf 85' lang='lat' dir='ltr'>res</span> <span class='ocrx_word' id='word_1_262' title='bbox 931 1494 1155 1534; x_wconf 81' lang='lat' dir='ltr'>gessissent,</span> 
     </span>
    </p>
   </div>
   <div class='ocr_carea' id='block_1_3' title="bbox 150 1615 1154 1756">
    <p class='ocr_par' dir='ltr' id='par_1_8' title="bbox 150 1615 1154 1756">
     <span class='ocr_line' id='line_1_34' title="bbox 223 1615 1154 1648; baseline 0.001 -9"><span class='ocrx_word' id='word_1_263' title='bbox 223 1618 235 1639; x_wconf 79' lang='lat'>7</span> <span class='ocrx_word' id='word_1_264' title='bbox 257 1615 339 1640; x_wconf 77' lang='lat' dir='ltr'>Turio</span> <span class='ocrx_word' id='word_1_265' title='bbox 360 1624 408 1641; x_wconf 80' lang='lat' dir='ltr'>om.</span> <span class='ocrx_word' id='word_1_266' title='bbox 425 1616 447 1640; x_wconf 76' lang='grc' dir='ltr'><em>δ</em></span> <span class='ocrx_word' id='word_1_267' title='bbox 461 1617 469 1648; x_wconf 78' lang='grc' dir='ltr'>Η</span> <span class='ocrx_word' id='word_1_268' title='bbox 484 1620 499 1640; x_wconf 68' lang='grc' dir='ltr'>ὅ</span> <span class='ocrx_word' id='word_1_269' title='bbox 520 1623 535 1640; x_wconf 87' lang='lat' dir='ltr'>a</span> <span class='ocrx_word' id='word_1_270' title='bbox 554 1615 705 1641; x_wconf 84' lang='lat' dir='ltr'>maioribus</span> <span class='ocrx_word' id='word_1_271' title='bbox 725 1615 859 1641; x_wconf 88' lang='lat' dir='ltr'>maiorum</span> <span class='ocrx_word' id='word_1_272' title='bbox 878 1626 897 1640; x_wconf 89' lang='grc' dir='ltr'><strong>ω</strong></span> <span class='ocrx_word' id='word_1_273' title='bbox 921 1623 936 1641; x_wconf 86' lang='lat' dir='ltr'>a</span> <span class='ocrx_word' id='word_1_274' title='bbox 955 1615 1076 1640; x_wconf 84' lang='lat' dir='ltr'>moribus</span> <span class='ocrx_word' id='word_1_275' title='bbox 1096 1623 1154 1640; x_wconf 81' lang='lat' dir='ltr'>ma-</span> 
     </span>
     <span class='ocr_line' id='line_1_35' title="bbox 150 1650 1154 1684; baseline 0 -9"><span class='ocrx_word' id='word_1_276' title='bbox 150 1650 238 1675; x_wconf 88' lang='lat' dir='ltr'>iorum</span> <span class='ocrx_word' id='word_1_277' title='bbox 259 1650 314 1682; x_wconf 68' lang='lat' dir='ltr'>(X2)</span> <span class='ocrx_word' id='word_1_278' title='bbox 334 1653 357 1676; x_wconf 71' lang='lat' dir='ltr'>et</span> <span class='ocrx_word' id='word_1_279' title='bbox 377 1659 393 1675; x_wconf 86' lang='lat' dir='ltr'>a</span> <span class='ocrx_word' id='word_1_280' title='bbox 412 1651 564 1676; x_wconf 84' lang='lat' dir='ltr'>maioribus</span> <span class='ocrx_word' id='word_1_281' title='bbox 584 1651 732 1676; x_wconf 86' lang='lat' dir='ltr'>memoriae</span> <span class='ocrx_word' id='word_1_282' title='bbox 753 1659 768 1679; x_wconf 82' lang='grc' dir='ltr'><strong><em>ς</em></strong></span> <span class='ocrx_word' id='word_1_283' title='bbox 786 1652 794 1683; x_wconf 86' lang='grc' dir='ltr'>ΙΙ</span> <span class='ocrx_word' id='word_1_284' title='bbox 816 1654 846 1676; x_wconf 85' lang='grc'>19</span> <span class='ocrx_word' id='word_1_285' title='bbox 866 1651 924 1684; x_wconf 86' lang='lat' dir='ltr'>peti</span> <span class='ocrx_word' id='word_1_286' title='bbox 944 1652 966 1676; x_wconf 80' lang='grc' dir='ltr'><em>δ</em></span> <span class='ocrx_word' id='word_1_287' title='bbox 985 1652 993 1683; x_wconf 72' lang='grc' dir='ltr'>Η</span> <span class='ocrx_word' id='word_1_288' title='bbox 1013 1653 1043 1675; x_wconf 77' lang='lat'>‘21</span> <span class='ocrx_word' id='word_1_289' title='bbox 1065 1651 1154 1683; x_wconf 80' lang='lat' dir='ltr'>magis</span> 
     </span>
     <span class='ocr_line' id='line_1_36' title="bbox 152 1685 1154 1719; baseline 0 -9"><span class='ocrx_word' id='word_1_290' title='bbox 152 1687 211 1711; x_wconf 83' lang='lat' dir='ltr'>Hx</span> <span class='ocrx_word' id='word_1_291' title='bbox 234 1687 242 1717; x_wconf 81' lang='grc' dir='ltr'>ΙΙ</span> <span class='ocrx_word' id='word_1_292' title='bbox 267 1688 298 1710; x_wconf 77' lang='lat'>-23</span> <span class='ocrx_word' id='word_1_293' title='bbox 324 1686 499 1719; x_wconf 76' lang='lat' dir='ltr'>cognouisset</span> <span class='ocrx_word' id='word_1_294' title='bbox 520 1687 541 1711; x_wconf 75' lang='lat' dir='ltr'>d·</span> <span class='ocrx_word' id='word_1_295' title='bbox 562 1688 565 1718; x_wconf 66' lang='grc' dir='ltr'><strong><em>Ι</em></strong></span> <span class='ocrx_word' id='word_1_296' title='bbox 587 1688 615 1711; x_wconf 88' lang='lat' dir='ltr'>et</span> <span class='ocrx_word' id='word_1_297' title='bbox 639 1686 715 1711; x_wconf 89' lang='lat' dir='ltr'>cond.</span> <span class='ocrx_word' id='word_1_298' title='bbox 740 1694 789 1711; x_wconf 67' lang='lat' dir='ltr'>om</span> <span class='ocrx_word' id='word_1_299' title='bbox 811 1688 830 1714; x_wconf 77' lang='lat' dir='ltr'>Q</span> <span class='ocrx_word' id='word_1_300' title='bbox 852 1688 854 1719; x_wconf 88' lang='grc' dir='ltr'>Ι</span> <span class='ocrx_word' id='word_1_301' title='bbox 877 1685 1095 1711; x_wconf 82' lang='lat' dir='ltr'>commendasset</span> <span class='ocrx_word' id='word_1_302' title='bbox 1114 1688 1131 1710; x_wconf 91' lang='lat' dir='ltr'><strong>Z</strong></span> <span class='ocrx_word' id='word_1_303' title='bbox 1145 1686 1154 1719; x_wconf 72' lang='grc' dir='ltr'>Η</span> 
     </span>
     <span class='ocr_line' id='line_1_37' title="bbox 151 1721 1103 1756; baseline 0 -10"><span class='ocrx_word' id='word_1_304' title='bbox 151 1724 183 1746; x_wconf 71' lang='grc'>24</span> <span class='ocrx_word' id='word_1_305' title='bbox 202 1721 311 1746; x_wconf 86' lang='lat' dir='ltr'>uideret</span> <span class='ocrx_word' id='word_1_306' title='bbox 327 1723 346 1749; x_wconf 76' lang='lat' dir='ltr'>Q</span> <span class='ocrx_word' id='word_1_307' title='bbox 361 1724 368 1754; x_wconf 68' lang='grc' dir='ltr'>Η</span> <span class='ocrx_word' id='word_1_308' title='bbox 384 1724 414 1746; x_wconf 87' lang='grc'>31</span> <span class='ocrx_word' id='word_1_309' title='bbox 437 1721 470 1755; x_wconf 78' lang='lat' dir='ltr'>si]</span> <span class='ocrx_word' id='word_1_310' title='bbox 492 1721 547 1746; x_wconf 81' lang='lat' dir='ltr'>sive</span> <span class='ocrx_word' id='word_1_311' title='bbox 563 1721 670 1747; x_wconf 75' lang='lat' dir='ltr'>Salmas</span> <span class='ocrx_word' id='word_1_312' title='bbox 692 1723 700 1754; x_wconf 92' lang='grc' dir='ltr'>ΙΙ</span> <span class='ocrx_word' id='word_1_313' title='bbox 716 1724 747 1746; x_wconf 80' lang='grc'>32</span> <span class='ocrx_word' id='word_1_314' title='bbox 767 1721 806 1746; x_wconf 85' lang='lat' dir='ltr'>rei</span> <span class='ocrx_word' id='word_1_315' title='bbox 823 1722 946 1756; x_wconf 66' lang='lat' dir='ltr'>Rutqers.</span> <span class='ocrx_word' id='word_1_316' title='bbox 966 1729 1045 1754; x_wconf 83' lang='lat' dir='ltr'>pares</span> <span class='ocrx_word' id='word_1_317' title='bbox 1061 1721 1103 1747; x_wconf 61' lang='grc' dir='ltr'>ΞΕ,</span> 
     </span>
    </p>
   </div>
   <div class='ocr_carea' id='block_1_4' title="bbox 1175 537 1199 555">
    <p class='ocr_par' dir='ltr' id='par_1_9' title="bbox 1175 537 1199 555">
     <span class='ocr_line' id='line_1_38' title="bbox 1175 537 1199 555; baseline 0 0"><span class='ocrx_word' id='word_1_318' title='bbox 1175 537 1199 555; x_wconf 88' lang='grc'>10</span> 
     </span>
    </p>
   </div>
   <div class='ocr_carea' id='block_1_5' title="bbox 1174 757 1197 776">
    <p class='ocr_par' dir='ltr' id='par_1_10' title="bbox 1174 757 1197 776">
     <span class='ocr_line' id='line_1_39' title="bbox 1174 757 1197 776; baseline 0 0"><span class='ocrx_word' id='word_1_319' title='bbox 1174 757 1197 776; x_wconf 82' lang='grc'>15</span> 
     </span>
    </p>
   </div>
   <div class='ocr_carea' id='block_1_6' title="bbox 1173 978 1197 996">
    <p class='ocr_par' dir='ltr' id='par_1_11' title="bbox 1173 978 1197 996">
     <span class='ocr_line' id='line_1_40' title="bbox 1173 978 1197 996; baseline 0 0"><span class='ocrx_word' id='word_1_320' title='bbox 1173 978 1197 996; x_wconf 81' lang='grc'>20</span> 
     </span>
    </p>
   </div>
   <div class='ocr_carea' id='block_1_7' title="bbox 1173 1198 1196 1217">
    <p class='ocr_par' dir='ltr' id='par_1_12' title="bbox 1173 1198 1196 1217">
     <span class='ocr_line' id='line_1_41' title="bbox 1173 1198 1196 1217; baseline 0.043 -1"><span class='ocrx_word' id='word_1_321' title='bbox 1173 1198 1196 1217; x_wconf 79' lang='lat'>25</span> 
     </span>
    </p>
   </div>
   <div class='ocr_carea' id='block_1_8' title="bbox 1171 1418 1196 1437">
    <p class='ocr_par' dir='ltr' id='par_1_13' title="bbox 1171 1418 1196 1437">
     <span class='ocr_line' id='line_1_42' title="bbox 1171 1418 1196 1437; baseline 0 0"><span class='ocrx_word' id='word_1_322' title='bbox 1171 1418 1196 1437; x_wconf 81' lang='lat'>30</span> 
     </span>
    </p>
   </div>
  </div>
 </body>
</html>
