1291 1912
510 71 570 97 xlx
592 74 623 97 12
1007 70 1069 101 281

65 156 161 195 gnata
185 155 271 192 sunt,
298 152 517 193 detrahantur,
542 164 580 184 ne.
605 153 747 194 profecto
773 153 803 183 id
828 153 962 193 accidat,
988 152 1071 192 quod

65 198 202 238 cuipiam
218 197 342 228 Thraco
362 198 525 238 insipienti
546 200 576 228 et
596 197 665 228 rudi
681 197 714 228 in
729 208 816 238 agro,
836 208 929 237 quem
945 200 1072 236 emerat,

64 241 262 282 procurando
287 242 410 273 venisse
436 253 493 272 usu
518 242 664 273 fabulast.

131 286 249 317 ‘Homo
278 285 430 317 Thracus’
465 287 569 326 inquit
599 287 647 317 ‘ex
676 287 789 317 ultima
818 286 963 317 barbaria
991 286 1072 316 ruris

38 330 187 364 scolendi
221 331 373 367 insolens,
407 342 476 361 cum
511 332 543 361 in
571 333 670 362 terras
700 331 848 361 cultiores
876 330 1073 362 humanioris

64 376 148 406 vitae
173 376 320 416 cupidine
343 375 581 416 conmigrasset,
604 375 738 406 fundum
759 378 916 406 mercatus
936 378 983 406 est
1003 376 1073 406 oleo

65 422 160 460 atque
180 419 254 450 vino
275 420 441 450 consitum.
481 419 541 456 Qui
556 420 671 460 <cum>
692 420 773 450 nihil
793 420 963 450 admodum
980 430 1074 460 super

64 464 128 495 vite
161 466 216 495 aut
249 464 360 495 arbore
394 464 525 495 colenda
559 464 667 504 sciret,
700 464 786 495 videt
818 465 900 495 forte
933 464 1073 495 vicinum

63 508 160 539 rubos
185 509 248 539 alte
271 511 367 549 atque
392 509 455 539 late
480 508 607 539 obortas
632 509 842 546 excidentem,
868 509 1010 539 fraxinos
1035 508 1074 539 ad

24 567 49 586 10
65 564 223 584 summum
249 564 348 594 prope
367 553 515 584 verticem
538 553 752 594 deputantem,
778 553 903 584 suboles
924 553 1037 584 vitium
1058 564 1074 584 e

64 597 222 628 radicibus
261 598 425 628 caudicum
465 608 559 637 super
591 600 705 628 terram
740 598 826 628 fusas
860 597 1074 636 revellentem,

64 642 204 673 stolones
229 642 261 672 in
285 642 389 682 pomis
413 644 468 672 aut
492 642 525 672 in
550 642 627 673 oleis
647 653 795 682 proceros
815 645 910 682 atque
931 642 1074 673 derectos

64 688 292 727 amputantem,
315 686 500 726 acceditque
524 697 624 727 prope
648 689 679 717 et
703 697 759 717 cur
782 689 903 717 tantam
928 687 1008 728 ligni
1030 688 1074 717 at-

64 741 124 771 que
158 730 319 761 frondium
354 731 479 762 caedem
514 732 645 768 faceret,
683 733 887 771 percontatus
921 734 975 762 est.
1032 730 1074 761 Et

24 789 48 809 15
64 775 187 806 vicinus
211 775 255 806 ita
278 775 455 816 respondit:
480 775 538 806 ‘Vt
561 776 646 817 ager'
671 776 775 815 inquit
796 776 943 806 ‘mundus
962 786 1074 816 purus-

65 830 125 860 que
153 820 223 859 fiat,
253 820 319 850 eius
348 820 442 850 arbor
469 822 565 860 atque
593 820 667 850 vitis
695 820 879 851 fecundior.’
932 819 1075 850 Discedit

64 864 117 895 ille
142 876 159 894 a
183 864 287 895 vicino
312 865 431 905 gratias
456 875 553 905 agens
577 867 608 895 et
633 865 734 895 laetus
756 867 918 904 tamquam
939 865 1073 905 adeptus

63 909 108 939 rei
139 909 276 940 rusticae
300 909 508 949 disciplinam.
556 908 636 939 Tum
666 908 780 940 falcem
810 909 854 940 ibi
879 919 915 940 ac
939 909 1074 940 securim

65 954 162 994 capit3
187 956 282 993 atque
306 953 350 984 ibi
374 953 471 984 homo
496 953 609 983 misere
633 953 788 994 inperitus
812 953 892 984 vites
917 964 988 984 suas
1014 953 1073 984 sibi

26 1011 51 1030 80
67 998 169 1028 onmis
190 1000 220 1028 et
241 998 325 1028 oleas
346 998 512 1028 detruncat
532 1008 701 1038 comasque
720 998 869 1028 arborum
884 998 1074 1029 laetissimas

65 1042 306 1082 uberrimosque
330 1043 442 1073 vitium
470 1043 616 1082 palmites
639 1043 754 1073 decidit
774 1045 805 1073 et
823 1042 960 1073 frutecta
979 1044 1075 1082 atque

64 1087 203 1127 virgulta
243 1087 338 1117 simul
377 1087 481 1117 omnia
520 1087 623 1127 pomis
661 1087 869 1128 frugibusque
908 1087 1075 1128 gignendis

64 1130 169 1162 felicia
203 1142 273 1161 cum
309 1131 450 1162 sentibus
482 1134 513 1162 et
541 1131 629 1161 rubis
658 1131 847 1172 purificandi
876 1132 944 1172 agri
973 1131 1075 1172 gratia

65 1176 215 1206 convellit
245 1176 328 1206 mala
357 1176 499 1206 mercede
528 1175 639 1207 doctus
669 1175 832 1207 audaciam
862 1176 1076 1215 fiduciamque

1103 830 1117 851 9

24 1233 49 1252 πε
64 1220 214 1260 peccandi
247 1220 426 1251 imitatione
460 1220 539 1250 falsa
572 1219 721 1251 eruditus.
774 1220 836 1251 Sic’
872 1221 976 1260 inquit
1008 1220 1072 1251 ‘isti
1086 1229 1117 1252 10

64 1264 211 1305 apathiae
240 1266 424 1301 sectatores,
456 1265 509 1304 qui
539 1265 637 1295 videri
666 1275 699 1295 se
728 1275 795 1296 esse
823 1265 1014 1305 tranquillos
1043 1267 1074 1295 et

65 1309 240 1349 intrepidos
261 1312 291 1339 et
311 1309 479 1340 inmobiles
499 1310 621 1349 volunt,
641 1309 715 1340 dum
735 1309 817 1340 nihil
833 1310 974 1350 cupiunt,
996 1309 1075 1339 nihil

65 1353 186 1392 dolent,
213 1354 294 1384 nihil
318 1354 510 1387 irascuntur.
533 1353 615 1384 nihil
639 1353 787 1395 gaudent,
812 1354 960 1384 omnibus
984 1353 1075 1384 vehe-

65 1398 229 1428 mentioris
257 1398 355 1428 animi
385 1398 499 1429 officiis
528 1398 700 1439 amputatis
730 1398 760 1428 in
788 1400 917 1438 torpore
941 1399 1075 1439 ignavae

25 1455 52 1474 so
66 1444 98 1472 et
122 1443 211 1483 quasi
237 1445 404 1473 enervatae
427 1442 511 1473 vitae
536 1443 785 1474 consenescunt'

135 1542 150 1564 *2
170 1539 331 1572 inspicienti
348 1539 403 1567 Q¹z
421 1540 424 1571 Ι
442 1546 563 1572 agroque
583 1540 718 1564 memorat
736 1539 758 1564 d
772 1540 780 1571 Η
796 1541 810 1563 3
830 1547 895 1564 usus
915 1549 936 1564 ω
955 1547 1022 1565 corr.
1039 1547 1054 1564 σ
1075 1540 1077 1569 l

65 1578 80 1600 4
95 1575 171 1600 rudis
187 1575 315 1600 «sumn
329 1577 337 1607 Η
352 1578 366 1599 ὁ
383 1574 507 1599 cultioris
519 1584 539 1599 ω
550 1578 659 1607 praeter
670 1576 689 1603 Q
704 1576 711 1607 Η
728 1577 740 1599 7
758 1574 940 1600 constitutum
951 1585 971 1600 ω
983 1583 1049 1600 corr.
1062 1583 1076 1600 σ

65 1612 162 1642 (Amyn.
175 1610 316 1639 XXIV3‚
330 1612 362 1635 12
373 1610 406 1635 al.
426 1612 428 1641 1
446 1610 534 1643 suppl.
547 1610 592 1635 SA:
607 1611 616 1642 Η
633 1613 663 1635 12
675 1610 800 1635 decer-tos
811 1620 831 1635 ω
842 1618 908 1636 corr.
922 1611 1006 1636 Hert:
1017 1612 1053 1641 (ς)
1069 1611 1077 1644 ll

66 1648 97 1670 16
118 1645 232 1678 eiusque
251 1648 275 1670 X
295 1647 322 1671 et
341 1647 372 1670 ut
393 1646 470 1679 Mdy.
486 1647 494 1677 ιΙ
510 1648 542 1670 19
562 1646 645 1671 miser
665 1656 685 1670 ω
704 1647 810 1671 correasi
827 1647 876 1678 cfr.
898 1646 983 1671 XIII
999 1648 1040 1677 31,
1062 1649 1076 1671 1

64 1680 158 1714 inepte
178 1681 315 1715 gloriosus
336 1682 372 1706 II
382 1683 427 1713 21,
443 1683 462 1707 :2
482 1681 529 1706 IX
544 1684 585 1711 11,
601 1683 617 1707 6
637 1681 697 1706 XX
710 1684 735 1713 1,
750 1683 785 1707 13
803 1682 811 1714 ΙΙ
831 1684 864 1706 20
884 1681 1034 1707 letissimas
1053 1684 1077 1706 X

64 1715 230 1742 lectissimas
246 1728 266 1742 ω
282 1718 290 1748 Η
305 1719 337 1742 ’29
358 1716 444 1742 animi
459 1725 508 1742 om.
525 1717 547 1742 ό
564 1718 567 1751 Ι
585 1725 698 1750 corpore
713 1727 733 1742 ω
748 1724 814 1743 corr.
832 1717 947 1750 Lipsius
