1266 1902
207 81 270 112 294
640 80 690 106 XX
711 84 737 113 13
758 83 772 106 2

162 171 192 193 51
205 163 244 193 ad
273 173 340 193 eain
369 173 519 202 umquam
549 162 772 202 perveniretur.
818 160 931 193 Addici
959 172 1095 202 namque
1122 170 1207 192 nunc

206 209 237 238 et
268 206 380 237 vinciri
409 207 527 237 multos
555 206 711 246 videmus,
744 206 818 246 quia
845 206 1044 237 vinculorum
1072 215 1207 246 poenam

161 259 192 281 5⁵2
206 251 366 281 deterrimi
398 250 542 281 homines
576 252 795 287 contemnunt,
829 250 998 281 dissectum
1032 260 1099 281 esse
1129 249 1209 280 anti-

206 295 312 335 quitus
349 295 507 325 neminem
546 294 691 334 equidem
728 305 830 335 neque
862 295 927 336 legi
958 305 1060 335 neque
1092 293 1208 333 audivi,

205 339 355 379 quoniam
389 339 519 369 saevitia
551 339 611 369 ista
645 349 763 379 poenae
797 339 956 369 contemni
988 349 1052 369 non
1080 338 1207 378 quitast.
1235 350 1244 370 ε

161 383 257 414 53An
285 385 391 423 putas,
419 382 618 423 Favorine,
647 383 673 413 si
696 393 761 413 non
784 383 838 413 illa
862 383 956 413 etiam
981 394 1019 413 ex
1042 382 1207 413 duodecim

204 427 321 458 tabulis
350 426 462 466 (VIII
480 426 537 466 23)
571 427 609 458 de
639 427 829 458 testimoniis
857 427 945 458 falsis
974 437 1075 467 poena
1104 426 1208 457 abole-

205 472 300 502 visset
328 473 359 502 et
388 472 414 501 si
437 482 521 502 nunc
546 481 685 511 quoque,
713 473 749 502 ut
772 474 876 511 antea,
905 471 960 511 qui
982 471 1098 501 falsum
1121 470 1208 501 testi-

204 516 346 546 monium
372 516 488 546 dixisse
512 516 675 546 convictus
699 517 788 555 esset,
813 527 829 546 e
854 526 928 546 saxo
951 514 1085 555 Tarpeio
1109 515 1207 545 deice-

205 562 304 599 retur,
337 560 526 590 mentituros
558 560 655 590 fuisse
688 570 744 600 pro
775 560 958 590 testimonio
986 562 1051 590 tam
1080 559 1241 598 mu1t0s‚1‹

205 615 299 644 quani
323 604 487 635 videmus?
528 603 693 635 Acerbitas
717 604 903 644 plerumque
923 604 1094 634 ulciscendi
1113 604 1207 634 male-

161 657 193 679 54
205 649 268 679 ficii
293 648 371 679 bene
395 651 490 688 atque
514 650 604 679 caute
628 648 754 679 vivendi
778 648 944 689 disciplina
968 650 1023 679 est.
1066 647 1208 678 Historia

206 692 243 723 de
267 692 367 723 Metto
389 692 514 723 Fufetio
534 691 660 723 Albano
685 692 776 723 nobis
800 703 926 733 quoque
950 703 1014 723 non
1037 692 1208 722 admodum

205 747 335 767 numero
364 737 543 767 istiusmodi
570 737 667 767 libros
692 737 907 767 lectitantibus
932 737 1041 778 ignota
1064 746 1129 767 11011
1153 738 1208 775 est,

205 782 268 821 qui,
288 781 437 821 quoniam
458 783 586 821 pactum
606 783 701 821 atque
721 781 900 812 condictum
921 791 991 812 cum
1008 791 1082 821 rege
1097 780 1209 821 populi
1223 793 1234 812 1
1259 807 1262 823 ἶ

204 825 340 856 Romani
373 825 490 865 perfide
523 827 664 865 ruperat,
697 825 779 855 binis
813 825 974 866 quadrigis
1005 825 1147 855 evinctus
1175 824 1209 855 in

205 869 328 900 diversa
346 869 521 900 nitentibus
540 870 694 900 laceratus
714 872 769 900 est.
805 869 932 900 Novum
953 871 1048 909 atque
1062 879 1208 909 asperum

206 914 397 954 supplicium
422 914 492 953 quis
516 914 633 954 negat?
658 913 720 953 sed,
745 914 820 954 quid
842 913 1095 954 elegantissimus
1115 915 1208 953 poeta

207 957 303 998 dicat,
327 958 397 988 vide
422 958 527 997 (Vergy.
543 959 582 988 A.
604 957 695 988 VIII
705 959 794 996 643):

561 1022 597 1050 at
620 1022 659 1050 tu
684 1020 811 1059 dictis,
834 1018 993 1059 Albane,
1017 1018 1232 1050 maneres'z
1257 1030 1266 1044 ³*

162 1090 193 1112 55
271 1081 358 1112 Haec
387 1082 525 1121 taliaque
554 1082 615 1112 alia
643 1081 698 1112 ubi
728 1080 863 1112 Sextus
891 1080 1080 1112 Caecilius
1109 1080 1208 1111 omni-

207 1126 278 1165 bus,
307 1126 361 1165 qui
387 1126 529 1165 aderant,
558 1126 627 1166 ipso
653 1136 778 1165 quoque
802 1124 989 1155 Favorino
1014 1125 1208 1165 adprobante

206 1172 300 1209 atque
323 1170 472 1200 laudante
496 1170 656 1207 disseruit,
680 1170 860 1200 nuntiatum
885 1172 933 1200 est
957 1168 1122 1200 Caesarem
1145 1169 1208 1199 iam

207 1214 349 1253 salutari,
374 1216 405 1245 et
427 1215 563 1254 separati
588 1225 704 1244 sumus.

1222 1313 1231 1332 2
1255 1298 1259 1301 .

693 1301 723 1332 H

205 1362 377 1388 Vocabulum
403 1362 565 1388 ‘siticiuum'
591 1363 619 1387 in
640 1362 674 1388 M.
696 1362 807 1388 Catonis
831 1362 955 1387 oratione
975 1362 1042 1394 quid
1062 1361 1206 1395 significet.

181 1435 192 1456 1
273 1425 454 1456 Siticines
479 1426 631 1466 scriptum
657 1428 703 1456 est
727 1426 764 1456 in
786 1425 959 1455 oratione
978 1425 1018 1455 M.
1039 1424 1207 1465 Catonis,

207 1480 286 1509 quae
311 1470 460 1500 scribitur
482 1481 525 1500 ne
549 1470 747 1510 imperium
772 1470 822 1499 sit
846 1470 978 1509 veteri,
1003 1469 1065 1500 ubi
1089 1479 1207 1499 novus

206 1514 354 1544 venerit
377 1514 513 1553 (LXIX
529 1514 583 1551 J.).
631 1513 813 1545 Siticines
842 1514 946 1553 inquit
975 1516 1010 1544 et
1036 1513 1207 1544 liticines

280 1612 309 1634 12
322 1618 371 1641 sqq
400 1609 455 1634 Liv.
471 1609 483 1634 I
498 1612 529 1634 27
551 1609 619 1635 F10r⁴
637 1609 647 1634 Ι
665 1612 686 1640 1,
698 1611 742 1641 (3,)
755 1612 768 1634 ἰ·
785 1608 860 1634 Oros,
876 1608 900 1633 H
916 1612 930 1633 4
946 1608 1032 1634 Varro
1048 1608 1122 1641 apud
1138 1608 1206 1634 Non.

206 1644 243 1669 IV
258 1653 283 1677 p.
300 1647 357 1674 287,
375 1648 405 1669 21
428 1644 499 1670 Serv.
516 1645 546 1670 A.
562 1644 624 1669 VIII
640 1647 689 1669 (343
701 1646 752 1670 etc.
841 1647 872 1669 ⁴27
886 1653 943 1677 sqq.
964 1643 1034 1669 Non.
1050 1644 1061 1669 Ι
1076 1653 1101 1677 p.
1118 1646 1159 1676 54,
1174 1646 1207 1669 20

277 1727 292 1749 4
319 1732 407 1757 neque
424 1725 504 1756 prius
522 1724 571 1749 dcl,
592 1732 606 1749 σ
624 1726 632 1757 11
652 1726 666 1749 9
694 1723 853 1749 deiecerunt
871 1724 907 1748 Χί
926 1725 934 1756 Η
956 1726 986 1748 14
1011 1730 1206 1756 saepenumero

208 1760 311 1792 Knapp
328 1760 331 1793 Ι
348 1759 576 1785 lectitabantibus
592 1760 614 1785 «f
628 1762 636 1792 11
653 1762 683 1785 15
704 1759 870 1784 conductum
886 1761 906 1787 Q,
920 1760 928 1791 ΙΙ
944 1762 974 1784 21
995 1759 1035 1784 ibi
1050 1759 1071 1784 d·
