1266 1902
183 34 224 64 96
588 32 650 57 ΧΠ]
669 35 701 57 28
721 35 774 65 (227)

527 111 665 143 xxvnr
688 111 837 154 (XXVII)

183 166 223 191 De
248 165 385 191 sententia
409 163 535 189 Panaetii
559 163 731 197 philosophi,
760 171 844 196 quam
868 164 978 196 scripsit
1001 163 1029 189 in
1053 163 1124 189 libro
1149 163 1182 189 de

219 200 317 226 officiis
342 199 474 229 secundo,
498 206 552 232 qua
576 199 714 231 hortatur,
738 200 769 224 ut
788 199 912 224 homines
933 199 968 224 ad
988 199 1123 225 cavendas
1142 199 1183 224 in-

219 236 304 261 iurias
324 236 352 260 iu
372 235 445 260 0111111
465 234 524 260 1060
544 235 645 260 intenti
663 234 810 267 paratique
831 234 893 259 sint.

160 296 171 318 1
250 285 428 326 Legebatur
451 284 624 315 Panaetii
652 285 836 325 philosophi
863 284 942 315 liber
970 284 1011 315 de
1038 284 1183 315 officiis

185 330 369 360 secundus
394 340 431 359 ex
455 329 556 359 tribus
580 329 643 359 illis
667 329 783 359 inclitis
807 329 904 368 libris,
931 339 1009 368 quos
1032 328 1073 359 M.
1098 328 1183 359 Tul-

184 375 257 404 lius
286 384 401 414 magno
431 384 502 404 cum
531 373 634 403 studio
664 373 864 412 maximoque
892 384 984 413 opere
1008 373 1183 403 aemulatus

158 420 239 450 2651.
295 417 343 448 Ibi
382 418 533 457 scriptum
571 420 618 447 est
655 428 725 448 cum
763 418 862 448 multa
900 417 960 447 alia
997 417 1034 447 ad
1068 417 1183 447 bonam

184 463 307 503 frugem
333 462 487 500 ducentia,
514 464 581 492 tum
605 462 656 492 vel
679 461 822 500 maxime,
847 461 931 501 quod
955 472 1021 491 esse
1044 460 1184 491 haerere-

159 517 245 546 3que
279 507 311 536 in
344 506 449 536 animo
483 506 582 536 debet.
634 504 669 535 Id
701 507 806 536 autem
837 507 883 536 est
911 505 950 535 ad
978 505 1059 535 hanc
1086 505 1184 535 ferme

186 551 373 581 sententiam
408 551 460 589 (fr.
485 552 505 580 8
527 550 593 585 F.):
632 549 728 580 ‘Vita'
766 549 871 589 inquit
904 549 1094 589 ‘hominum,
1131 549 1185 588 qui

185 597 319 625 aetatem
353 594 386 624 in
418 594 521 624 medio
552 605 657 624 rerum
685 596 783 634 agunt
811 604 846 624 ac
875 594 935 624 sibi
964 594 1090 633 suisque
1119 604 1185 623 esse

185 640 256 670 usui
280 639 404 678 volunt,
432 638 560 679 negotia
583 638 784 678 periculaque
808 649 845 668 ex
870 637 1031 678 inproviso
1056 637 1185 667 adsidua

186 686 217 714 et
245 694 342 724 prope
371 683 528 713 cotidiana
556 682 624 712 fert.
670 681 718 712 Ad
748 693 783 712 ea
812 681 949 713 cavenda
975 684 1069 721 atque
1093 681 1185 711 decli-

186 728 288 758 nanda
326 727 453 767 perinde
487 737 553 757 esse
587 728 711 767 oportet
743 727 848 756 animo
882 728 1029 766 prompto
1063 736 1186 765 semper

186 774 281 811 atque
309 772 445 810 intento,
478 773 513 801 ut
541 773 614 801 sunt
642 770 844 806 athletarum,
876 770 929 809 qui
958 770 1186 810 pancratiastae

160 818 347 848 4vocantur.
398 814 480 845 Nam
515 815 595 845 516111
627 815 674 845 1111
707 814 745 844 ad
774 814 955 845 certandum
984 814 1087 844 vocati
1116 823 1186 853 pro-

188 860 275 891 iectis
308 860 370 890 alte
402 859 539 889 brachiis
572 859 749 890 consistunt
781 860 937 898 caputque
971 860 1002 888 et
1033 869 1066 888 05
1095 868 1187 888 suum

187 904 332 934 manibus
366 904 520 944 oppositis
554 903 643 943 quasi
671 903 754 933 vallo
783 903 1006 943 praemuniunt
1034 901 1186 932 membra-

188 960 248 988 que
273 959 381 979 eorum
406 948 519 983 omnia,
544 947 727 987 priusquam
751 957 857 988 pugna
882 949 967 977 mota
991 948 1047 986 est,
1070 948 1125 976 aut
1148 945 1187 975 ad
1202 958 1213 976 ε»

188 993 332 1023 vitandos
357 993 437 1022 ictus
462 994 553 1022 cauta
577 994 650 1022 sunt
673 993 727 1021 aut
750 991 789 1021 ad
812 991 971 1021 faciendos
996 992 1117 1030 parata:
1143 990 1187 1020 ita

187 1037 310 1067 animus
346 1039 439 1076 atque
472 1047 560 1066 mens
594 1036 653 1066 viri
685 1035 847 1075 prudentis
880 1035 1027 1065 adversus
1059 1035 1123 1064 vim
1157 1035 1188 1064 et

188 1081 379 1121 petulantias
404 1080 588 1110 iniuriarum
613 1080 698 1109 omni
722 1080 755 1110 in
778 1080 847 1109 loco
872 1081 965 1118 atque
990 1079 1022 1109 in
1045 1080 1187 1118 tempore

189 1125 384 1166 prospiciens
417 1135 483 1155 esse
517 1124 622 1164 debet,
655 1125 770 1163 erecta,
803 1123 912 1162 ardua,
945 1125 1052 1162 saepta
1080 1121 1188 1161 solide,

189 1169 336 1209 expedita
371 1169 402 1199 in
436 1169 592 1207 sollicitis,
630 1178 802 1207 numquam
834 1167 994 1205 conivens,
1032 1177 1213 1206 nusquam2

188 1214 287 1244 aciem
321 1224 408 1244 suam
442 1213 583 1251 flectens,
617 1212 747 1243 consilia
780 1212 1050 1252 cogitationesque
1080 1212 1188 1241 contra

188 1258 333 1288 fortunae
366 1257 495 1287 verbera
528 1258 699 1296 contraque
733 1255 860 1286 insidias
889 1255 1069 1295 iniquorum
1099 1253 1188 1294 quasi

189 1302 316 1332 brachia
349 1303 379 1331 et
408 1312 518 1332 manus
546 1300 750 1341 protendens,
782 1311 820 1330 ne
849 1310 911 1339 qua
938 1300 970 1330 in
999 1310 1031 1329 re
1059 1299 1188 1329 adversa

189 1348 220 1376 61
255 1346 419 1386 repentina
456 1345 593 1376 incursio
630 1344 781 1385 inparatis
816 1344 1064 1384 inprotectisque
1096 1341 1188 1373 nobis

190 1389 371 1420 oboriatur.'

261 1470 275 1493 8
296 1468 342 1493 cfr.
360 1467 433 1499 Otto,
454 1467 584 1500 Sprichw.
601 1476 625 1500 p.
644 1469 691 1492 147

260 1538 274 1559 3
299 1542 352 1567 quo
372 1537 395 1558 X
419 1542 471 1567 que
491 1537 507 1558 z
526 1535 534 1566 11
556 1536 586 1558 10
611 1533 666 1559 fere
691 1533 713 1559 δ
731 1534 739 1565 ΙΙ
760 1535 789 1557 11
814 1531 880 1565 quia
903 1532 977 1557 etate
997 1531 1018 1557 δ
1037 1532 1045 1564 ΙΙ
1066 1533 1096 1555 16
1121 1529 1187 1555 athl.

190 1570 319 1604 (animi)
344 1570 386 1595 Slc.
409 1570 411 1603 Ι
433 1569 594 1602 pancratiae
617 1569 681 1601 (-(·ie
701 1570 730 1599 Q)
752 1569 802 1593 dn
829 1567 994 1600 pangratiae
1015 1567 1099 1591 ΟΠΧ
1121 1573 1188 1593 corr.

190 1606 262 1630 Ium‘.
278 1606 286 1637 [Ι
301 1607 333 1629 ⁴23
350 1604 436 1629 onmis
447 1607 464 1629 Z
479 1606 486 1637 ΙΙ
502 1607 534 1629 24
549 1604 731 1637 prospiciens]
747 1603 802 1628 iam
817 1602 944 1627 sollicitis
957 1601 1127 1635 prospiciens
1139 1600 1171 1628 αἱ
1184 1600 1186 1634 Ι

190 1640 241 1665 soli
263 1641 294 1665 11
311 1641 318 1672 ΙΙ
339 1643 370 1665 25
391 1640 514 1672 expetita
533 1640 620 1664 ΝΟΠ
635 1641 638 1673 fl
655 1639 683 1664 in
703 1638 774 1672 soll]
789 1641 813 1662 X
828 1637 861 1671 (ἓ)
881 1638 927 1663 Gr.
947 1637 1003 1662 iam
1022 1635 1148 1662 sollicitis
1168 1636 1190 1661 δ

190 1684 239 1701 om.
258 1676 343 1700 ONII
365 1675 448 1700 etium
469 1675 496 1700 in
517 1684 536 1699 s
558 1675 641 1700 Hertz
658 1675 661 1708 Ι
679 1673 817 1707 expedita,
837 1673 866 1698 in
885 1682 904 1698 s.
925 1682 950 1698 11.
970 1673 1031 1698 dist.
1046 1672 1167 1705 plerique
1181 1671 1190 1705 Η

191 1713 222 1736 29
243 1712 270 1736 61
289 1710 464 1743 inrepentina
480 1720 499 1735 ω
514 1718 579 1736 corr.
596 1718 611 1737 ς
