1266 1902
137 76 180 107 46
588 77 638 103 ΧΠ
659 81 689 104 11

616 175 662 206 XI

137 235 235 262 Errare
258 236 339 268 istos,
364 236 411 269 qui
436 244 483 269 spe
507 237 535 261 et
554 236 657 262 fiducia
676 235 782 262 latendi
802 238 929 269 peccent⁷
954 245 1015 262 cum
1035 237 1143 263 latebra

172 272 280 304 peccati
305 273 440 305 perpetua
464 271 541 297 nulla
565 271 613 302 sit3
638 272 666 297 et
690 280 772 304 super
791 280 824 297 ea
842 280 871 297 re
891 272 1032 306 Peregrini
1051 272 1140 306 philo—

172 307 252 340 sophi
272 315 360 332 sermo
380 308 408 332 et
427 307 556 340 Sophocli
575 308 675 340 poetae
695 307 840 333 sententia.

111 380 123 402 1
202 369 433 411 Philosophum
458 370 587 401 nomine
606 370 866 411 Peregrinum,
890 371 940 401 cui
962 373 1070 411 postea
1091 381 1139 402 co—

136 417 343 455 gnomentum
363 414 522 445 Proteus
547 415 666 445 factum
691 416 746 454 est,
770 415 872 445 virum
898 426 1024 456 gravem
1045 417 1140 455 atque

136 461 344 497 constantem,
363 459 508 497 vidimus,
524 469 595 489 cum
610 457 746 490 Athenis
761 470 909 499 essemus,
925 459 1139 490 deversantem

136 504 169 534 in
202 503 339 543 quodam
372 504 500 544 tugurio
534 505 622 534 extra
654 503 773 534 urbem.
826 502 968 543 Cumque
1000 504 1039 534 ad
1067 514 1139 534 eum

136 547 317 588 frequenter
340 548 581 587 ventitaremus,
607 547 707 578 multa
730 547 835 578 hercle
859 547 960 578 dicere
985 558 1056 578 eum
1079 547 1139 578 uti-

134 592 207 622 liter
236 594 266 622 et
293 591 426 622 honeste
454 591 640 622 audivimus.
687 590 725 622 In
752 591 867 631 quibus
896 592 927 622 id
953 591 1027 631 fuit,
1055 591 1139 631 quod

135 636 340 676 praecipuum
364 635 474 666 auditu
499 636 707 666 meminimus.

109 689 122 712 2
200 679 313 710 Virum
334 680 461 720 quidem
482 680 655 720 sapientem
676 690 740 710 non
759 682 961 720 peccaturum
978 690 1044 710 esse
1059 679 1139 710 dice-

134 725 197 764 bat,
221 724 345 755 etiamsi
364 734 510 765 peccasse
530 735 600 754 eum
622 724 664 754 dii
684 726 779 764 atque
798 723 943 754 homines
963 723 1138 764 ignoraturi

108 770 245 801 3f01·ent.
287 767 362 799 Non
386 769 469 799 enim
494 779 614 809 poenae
638 770 693 799 aut
715 768 864 799 infamiae
883 770 968 799 metu
988 778 1052 798 non
1071 778 1138 798 esse

134 812 329 854 peccandum
354 813 514 852 censebat,
538 813 592 843 sed
616 813 692 843 iusti
710 812 898 852 honestique
918 812 1023 843 studio
1043 814 1074 842 et
1094 812 1137 842 of-

108 857 214 889 4ficio.
267 856 301 887 Si
329 857 383 897 qui
412 859 518 887 tamen
546 868 611 887 non
639 859 743 887 essent
771 857 825 887 tali
855 857 905 887 vel
932 856 1060 897 ingenio
1089 856 1138 887 vel

134 902 300 942 disciplina
329 901 476 941 praediti,
504 901 551 932 uti
578 912 610 931 se
634 901 665 931 vi
690 912 745 932 sua
769 911 805 931 ac
829 911 885 931 sua
909 902 1021 941 sponte
1045 900 1138 931 facile

133 957 151 976 a
172 946 331 986 peccando
351 948 502 985 tenerent,
527 956 579 976 eos
600 945 702 976 omnis
721 947 797 976 tunc
818 955 946 985 peccare
966 944 1137 985 proclivius

132 990 347 1029 existimabat,
380 1000 451 1020 cum
484 990 581 1020 latere
614 1000 707 1029 posse
737 989 768 1020 id
797 991 961 1029 peccatum
990 990 1138 1029 putarent

107 1035 407 1075 5inpunitate1nque
435 1045 473 1065 ex
502 1045 538 1064 ea
561 1034 681 1064 latebra
705 1035 880 1074 sperarent3
907 1033 950 1064 ‘at
974 1034 1000 1063 si
1024 1033 1135 1063 sciant'

132 1079 236 1119 inquit
275 1078 429 1109 ‘homines
466 1078 547 1108 nihil
583 1078 723 1108 omnium
756 1089 861 1108 rerum
894 1077 1011 1108 diutius
1044 1088 1136 1117 posse

107 1124 240 1162 ecelari,
263 1123 436 1163 repressius
460 1122 693 1163 pudentiusque
717 1122 920 1162 peccabitur'.
965 1121 1136 1161 Propterea

131 1178 240 1198 versus
273 1168 350 1198 istos
385 1166 580 1207 Sophocli,
618 1166 855 1207 prudentissimi
888 1167 1066 1206 poetarum,
1103 1165 1135 1195 in

132 1222 185 1242 ore
209 1222 276 1242 esse
300 1211 461 1242 habendos
486 1210 611 1241 dicebat
636 1212 687 1250 (fr
702 1209 859 1250 230N⁰):

176 1274 270 1314 πρὸς
301 1277 420 1304 ταῦτα
448 1272 590 1313 κρύπτε
619 1271 754 1313 μηδέν,
787 1271 834 1308 ὡς
862 1269 1000 1302 ἅπανθ’
1034 1270 1160 1311 ὁρῶντε

175 1318 237 1348 καὶ
265 1316 373 1348 πάντ’
405 1316 555 1348 ἀκούων
583 1315 691 1347 πάντ’
721 1316 958 1346 ἀναπτύσσει
988 1317 1132 1355 χρόνος.

106 1389 118 1411 7
197 1378 288 1410 Alius
309 1379 437 1419 quidam
456 1380 598 1409 veterum
618 1380 793 1419 poetarum,
813 1377 901 1408 cuius
920 1387 1036 1407 nomen
1055 1376 1133 1407 mihi

130 1434 214 1454 nunc
247 1424 416 1454 memoriae
449 1434 513 1453 non
546 1425 606 1462 est,
638 1422 812 1453 Veritatem
841 1421 1006 1461 Temporis
1035 1421 1131 1451 filiam

130 1478 196 1498 esse
221 1468 307 1498 dixit.

202 1566 232 1587 12
244 1571 282 1594 sq.
305 1562 358 1588 Cic.
376 1562 418 1588 off.
436 1562 472 1587 ΙΠ
487 1565 510 1595 8,
527 1565 559 1587 37
690 1564 720 1587 14
732 1570 770 1594 sq.
791 1561 854 1586 Hor.
872 1569 912 1594 ep.
929 1561 940 1586 Ι
957 1563 997 1593 16,
1013 1563 1045 1586 52
1057 1568 1094 1592 sq.

130 1601 161 1623 ‘32
181 1598 269 1623 Amur
286 1598 373 1623 XXIX
390 1601 412 1629 ²2,
430 1600 460 1623 12
570 1600 602 1622 ‘25
614 1606 671 1630 sqq.
693 1596 739 1622 cfr.
757 1596 829 1628 Otto,
851 1596 981 1629 Sprichw.
998 1598 1047 1621 343

201 1688 232 1712 10
256 1686 372 1711 honesta
391 1686 413 1711 d
436 1687 444 1719 ΙΙ
469 1689 499 1711 11
524 1685 633 1719 auditu]
653 1685 710 1710 ΤΟ2
734 1684 860 1710 auditum
881 1695 900 1710 ω
924 1686 933 1718 Η
957 1686 988 1710 13
1008 1684 1130 1717 ignoturi

129 1723 206 1748 orent
222 1724 242 1750 Q
260 1723 268 1754 ΙΙ
289 1724 318 1746 17
340 1729 390 1746 sua
404 1722 450 1747 alt.
467 1729 514 1747 om.
530 1730 548 1754 γ
567 1722 576 1754 ΙΙ
595 1723 626 1745 22
648 1720 761 1746 celerari
777 1720 810 1748 Q¹
828 1722 837 1753 Η
856 1723 889 1745 25
909 1719 922 1745 ὁ
942 1705 1035 1745 πάνῖθ
1051 1718 1129 1745 Clem

128 1758 204 1783 Alex.
221 1760 308 1783 strom.
332 1757 373 1783 VI
383 1758 409 1788 2,
426 1759 458 1782 10
470 1764 498 1789 p.
515 1758 566 1782 742
581 1757 613 1782 P.
635 1756 714 1788 (Stob.
731 1756 774 1782 ecl.
787 1756 864 1789 phys
880 1755 935 1787 18,
951 1756 993 1787 17)

1155 605 1180 624 10

1154 826 1178 845 15

1152 1047 1178 1065 ‘20
