1266 1902
164 59 206 89 90
571 58 633 83 ΧΗ]
652 61 684 84 25
704 60 757 92 (24)

121 149 153 171 10
164 141 238 171 sunt
266 140 333 180 ipsa
362 150 488 179 quoque
512 139 546 169 in
569 139 708 169 urbibus.
755 138 834 169 Item
859 139 891 169 in
915 139 1042 170 eodem
1066 138 1165 170 libro

164 184 260 215 simili
289 184 383 214 modo
413 183 484 223 (IV
502 186 568 223 11):
600 182 770 213 Siciliam
799 183 904 223 inquit
931 183 1165 224 provinciam

164 228 195 258 O.
220 227 356 258 Verres
385 238 450 268 per
477 227 683 258 triennium
713 227 965 268 depopulatus
989 238 1082 267 esse,
1111 226 1166 258 Si-

164 272 334 303 culorum
363 272 540 302 civitates
569 273 751 311 vastasse,
780 271 908 302 domos
937 272 1165 312 exinanisse,

121 317 249 348 nfana
276 316 463 356 spoliasse
487 316 635 346 dicitur.
681 315 806 356 Ecquid
829 315 965 356 videtur,
993 326 1063 347 cum
1090 315 1164 346 Sici·
1194 329 1204 347 5

163 362 238 391 liam
268 360 463 400 provinciam
493 360 606 390 dixerit
634 361 728 400 atque
752 360 881 400 insuper
904 360 998 390 etiam
1023 360 1165 391 civitates

163 405 330 443 addiderit,
368 405 478 434 domos
511 405 606 434 etiam
639 406 670 434 et
701 404 786 443 fana,
824 414 904 443 quae
936 404 1017 435 infra
1049 405 1165 444 posuit,

163 448 447 489 conprehendisse?
494 447 599 479 Verba
625 447 702 479 haec
726 448 801 478 item
825 448 925 479 multa
949 450 1043 488 atque
1066 449 1164 479 varia:

163 493 416 533 depopulatus
454 503 547 532 esse,
589 494 770 532 vastasse,
813 493 1042 532 exinanisse,
1082 503 1164 533 spo-

162 538 289 577 liasse,
318 547 422 567 nonne
450 548 545 567 unam
574 538 605 567 et
633 537 762 567 eandem
791 537 855 567 vim
880 537 913 567 in
937 547 1002 567 sese
1025 536 1164 568 habent?
1180 549 1204 568 ιο

163 581 252 612 Sane.
295 580 356 611 Sed
381 581 454 621 quia
478 591 549 611 cum
574 581 728 621 dignitate
752 581 903 611 orationis
928 583 959 611 et
983 592 1053 612 cum
1076 581 1164 622 gravi

161 626 331 656 verborum
360 625 451 665 copia
479 625 638 665 dicuntur,
667 635 857 665 quamquam
883 625 989 655 eadem
1014 625 1078 656 fere
1102 625 1164 656 sint

161 672 192 701 et
212 681 249 700 ex
269 681 331 700 una
351 670 506 700 sententia
526 669 713 709 coorientur,
737 669 827 709 plura
847 671 952 699 tamen
972 680 1038 700 esse
1058 670 1163 700 existi-

161 716 300 753 mantur,
330 714 479 754 quoniam
504 715 535 744 et
558 724 647 743 aures
672 715 702 744 et
726 714 866 743 animum
891 714 1014 753 saepius
1038 714 1163 744 feriunt.

118 767 149 790 12
228 758 298 788 Hoc
328 760 456 788 ornatus
481 769 580 799 genus
603 758 637 788 in
660 757 789 788 crimine
813 768 876 787 uno
900 758 1031 788 vocibus
1055 758 1164 788 multis
1179 770 1203 789 15

161 805 256 843 atque
289 803 389 833 saevis
423 801 596 832 extmendo
625 802 678 832 ille
706 802 768 832 iam
797 804 873 832 tunc
900 801 940 832 M.
966 801 1056 833 Cato
1085 802 1163 833 anti-

161 847 331 887 quissimus
364 847 397 877 in
430 846 669 876 orationibus
702 846 766 876 suis
795 846 977 886 celebravit,
1011 847 1102 877 sicuti
1131 847 1164 877 in

160 892 228 931 illa,
257 902 336 930 quae
365 890 516 930 inscripta
545 892 592 920 est
620 890 661 920 de
686 890 808 921 decem
833 890 1063 930 hominibus,
1092 901 1162 921 cum

160 935 332 966 Thermum
374 935 545 974 accusavit,
587 934 672 974 quod
713 934 819 965 decem
861 934 978 965 liberos
1018 934 1163 966 homines

160 980 270 1010 eodeni
294 982 436 1019 tempore
460 978 681 1018 interfecisset,
706 978 792 1009 hisce
816 979 919 1009 verbis
944 979 1073 1009 eandem
1099 989 1162 1010 om·
1178 990 1202 1009 20

160 1024 253 1054 nibus
277 1034 343 1053 rem
368 1023 620 1064 significantibus
644 1034 718 1053 usus
741 1025 796 1062 est,
820 1034 899 1062 quae
920 1023 1069 1062 quoniam
1090 1025 1163 1054 sunt

160 1068 359 1108 eloquentiae
391 1067 522 1098 Latinae
559 1069 635 1097 tunc
670 1067 806 1107 primum
840 1067 1010 1097 exorientis
1042 1068 1162 1098 lumina

160 1112 312 1152 quaedam
347 1111 531 1151 sublustria,
564 1111 691 1141 libitum
725 1113 771 1141 est
804 1122 839 1141 ea
872 1111 949 1141 mihi
979 1110 1161 1152 ἀπομνημο-

159 1157 268 1187 νεύειν
288 1155 428 1195 (VIIII
443 1155 501 1194 J.):
525 1154 641 1185 Tuum
661 1155 847 1185 nefarium
867 1154 1014 1185 facinus
1034 1156 1161 1195 peiore

159 1201 329 1231 facinore
363 1200 510 1240 operire
543 1200 728 1239 postulas,
762 1199 948 1230 succidias
982 1199 1161 1230 humanas
1177 1211 1200 1229 25

159 1245 266 1285 facis,
286 1246 428 1275 tantam
448 1243 742 1274 trucidationem
762 1243 869 1283 facis,
886 1243 1009 1273 decem
1029 1244 1161 1274 funera

159 1289 267 1326 facis,
292 1289 415 1319 decem
440 1288 565 1328 capita
584 1288 705 1318 libera
724 1288 929 1325 interficis,
954 1288 1077 1318 decem
1097 1287 1160 1318 ho-

159 1333 323 1363 minibus
356 1333 471 1363 vitam
503 1332 618 1372 eripis
647 1332 790 1362 indicta
819 1342 942 1371 causa,
975 1332 1161 1362 iniudica-

116 1378 222 1417 13tis,
255 1376 566 1408 incondelnnatis.
617 1375 696 1406 Item
725 1375 765 1406 M.
793 1374 883 1406 Cato
912 1376 945 1406 in
974 1376 1160 1407 orationis

159 1422 329 1461 principio,
362 1432 456 1461 quam
490 1420 570 1451 dixit
598 1420 631 1450 in
659 1422 768 1450 senatu
797 1430 862 1460 pro
892 1419 1158 1460 Rodiensibus,
1175 1432 1200 1451 30

159 1476 229 1495 cum
264 1466 359 1496 vellet
391 1476 439 1495 res
472 1465 566 1494 nimis
600 1475 765 1504 prosperas
794 1464 909 1504 dicere,
941 1464 1042 1495 tribus
1070 1474 1159 1495 voca-

116 1510 241 1540 14bulis
270 1510 352 1540 idem
382 1509 590 1539 sentientibus
619 1508 705 1538 dixit.
754 1507 860 1538 Verba
888 1508 954 1538 eius
982 1508 1059 1539 haec
1087 1510 1160 1539 sunt

229 1600 243 1621 5
264 1596 339 1622 Haec
354 1596 421 1628 quid
437 1596 479 1627 (esu
493 1595 541 1628 qui
556 1597 588 1628 X)
605 1605 624 1620 ω
639 1603 705 1621 corr.
721 1595 784 1620 Αἶά.
799 1596 807 1628 ΙΙ
822 1597 837 1619 8
853 1594 1105 1628 comprehendisset
1119 1604 1137 1628 γ
1152 1595 1160 1628 Η

158 1634 173 1656 9
192 1633 318 1657 uastasse
334 1640 373 1657 ΘΧ.
389 1640 438 1656 om.
455 1631 477 1656 d*
491 1632 499 1663 ΙΙ
514 1633 546 1655 22
566 1630 670 1655 lumine
685 1631 707 1656 δ
721 1631 729 1663 ΙΙ
744 1633 776 1655 23
794 1630 907 1662 quidem
923 1631 955 1655 H
967 1632 975 1662 ΙΙ
990 1633 1022 1655 25
1037 1630 1159 1655 facinore

158 1675 207 1693 om.
224 1669 244 1695 Q,
262 1668 270 1699 ΙΙ
291 1670 322 1692 26
342 1667 410 1691 tant.
432 1667 498 1690 truci
520 1666 588 1691 facis
608 1674 656 1691 om.
675 1666 762 1690 ΝΟΠ
783 1667 876 1691 tantas
896 1665 1094 1690 trucidationes
1113 1668 1137 1689 X
1152 1665 1160 1699 Η

158 1705 191 1727 28
206 1702 274 1736 ind]
290 1702 396 1727 indicat
408 1702 440 1726 Π
452 1701 538 1726 indici
549 1703 572 1725 X
587 1701 615 1726 in
630 1701 780 1726 iudicataZ
795 1702 803 1733 ΙΙ
818 1704 850 1726 29
866 1701 931 1735 ine]
943 1703 962 1728 Q.
976 1700 1158 1734 indem(p)na-

158 1738 193 1763 tis
209 1748 229 1763 ω
244 1739 252 1771 ΙΙ
267 1740 299 1762 32
320 1738 387 1762 sent.
407 1736 492 1761 uerba
513 1737 570 1761 eius
590 1736 661 1761 dixit
676 1757 681 1761 .
698 1736 748 1762 hec
763 1736 784 1762 d

1244 1692 1248 1796 ἰ

1244 1802 1251 1902 l
