<?xml version="1.0" encoding="UTF-8"?>
<!DOCTYPE html PUBLIC "-//W3C//DTD XHTML 1.0 Transitional//EN"
    "http://www.w3.org/TR/xhtml1/DTD/xhtml1-transitional.dtd">
<html xmlns="http://www.w3.org/1999/xhtml" xml:lang="en" lang="en">
 <head>
  <title>
</title>
<meta http-equiv="Content-Type" content="text/html;charset=utf-8" />
  <meta name='ocr-system' content='tesseract 3.04.00' />
  <meta name='ocr-capabilities' content='ocr_page ocr_carea ocr_par ocr_line ocrx_word'/>
</head>
<body>
  <div class='ocr_page' id='page_1' title='image "./agelliinoctiumat02gelluoft_0024.png"; bbox 0 0 1266 1902; ppageno 0'>
   <div class='ocr_carea' id='block_1_1' title="bbox 125 54 668 85">
    <p class='ocr_par' dir='ltr' id='par_1_1' title="bbox 125 54 668 85">
     <span class='ocr_line' id='line_1_1' title="bbox 125 54 668 85; baseline -0.011 0"><span class='ocrx_word' id='word_1_1' title='bbox 125 54 163 85; x_wconf 79' lang='lat'>18</span> <span class='ocrx_word' id='word_1_2' title='bbox 581 54 618 79; x_wconf 83' lang='lat' dir='ltr'>XI</span> <span class='ocrx_word' id='word_1_3' title='bbox 637 57 668 80; x_wconf 87' lang='lat'>15</span> 
     </span>
    </p>
   </div>
   <div class='ocr_carea' id='block_1_2' title="bbox 82 134 1127 1192">
    <p class='ocr_par' dir='ltr' id='par_1_2' title="bbox 123 134 1126 220">
     <span class='ocr_line' id='line_1_2' title="bbox 123 134 1126 176; baseline 0 -11"><span class='ocrx_word' id='word_1_4' title='bbox 123 135 348 176; x_wconf 85' lang='lat' dir='ltr'>producuntur.</span> <span class='ocrx_word' id='word_1_5' title='bbox 401 134 483 171; x_wconf 86' lang='lat' dir='ltr'>Quid</span> <span class='ocrx_word' id='word_1_6' title='bbox 516 137 597 165; x_wconf 87' lang='lat' dir='ltr'>esset</span> <span class='ocrx_word' id='word_1_7' title='bbox 629 137 734 165; x_wconf 86' lang='lat' dir='ltr'>autem</span> <span class='ocrx_word' id='word_1_8' title='bbox 767 135 928 166; x_wconf 86' lang='lat' dir='ltr'>ludentem</span> <span class='ocrx_word' id='word_1_9' title='bbox 956 145 1049 176; x_wconf 86' lang='lat' dir='ltr'>agere</span> <span class='ocrx_word' id='word_1_10' title='bbox 1076 135 1126 165; x_wconf 86' lang='lat' dir='ltr'>vel</span> 
     </span>
     <span class='ocr_line' id='line_1_3' title="bbox 123 179 1125 220; baseline 0 -11"><span class='ocrx_word' id='word_1_11' title='bbox 123 179 253 219; x_wconf 83' lang='lat' dir='ltr'>imitari,</span> <span class='ocrx_word' id='word_1_12' title='bbox 286 190 350 209; x_wconf 88' lang='lat' dir='ltr'>non</span> <span class='ocrx_word' id='word_1_13' title='bbox 382 179 565 220; x_wconf 69' lang='lat' dir='ltr'>intellegere</span> <span class='ocrx_word' id='word_1_14' title='bbox 598 179 697 209; x_wconf 85' lang='lat' dir='ltr'>videri</span> <span class='ocrx_word' id='word_1_15' title='bbox 730 179 899 210; x_wconf 80' lang='lat' dir='ltr'>maluimus</span> <span class='ocrx_word' id='word_1_16' title='bbox 929 190 1023 219; x_wconf 88' lang='lat' dir='ltr'>quam</span> <span class='ocrx_word' id='word_1_17' title='bbox 1051 179 1125 210; x_wconf 89' lang='lat' dir='ltr'>insi-</span> 
     </span>
    </p>

    <p class='ocr_par' dir='ltr' id='par_1_3' title="bbox 82 223 1125 264">
     <span class='ocr_line' id='line_1_4' title="bbox 82 223 1125 264; baseline -0.001 -10"><span class='ocrx_word' id='word_1_18' title='bbox 82 240 85 243; x_wconf 60' lang='lat'>&lt;</span> <span class='ocrx_word' id='word_1_19' title='bbox 123 224 243 254; x_wconf 85' lang='lat' dir='ltr'>mulare</span> <span class='ocrx_word' id='word_1_20' title='bbox 284 234 355 254; x_wconf 89' lang='lat' dir='ltr'>eum</span> <span class='ocrx_word' id='word_1_21' title='bbox 398 226 560 263; x_wconf 75' lang='lat' dir='ltr'>tamquam</span> <span class='ocrx_word' id='word_1_22' title='bbox 598 223 701 263; x_wconf 88' lang='lat' dir='ltr'>ipsum</span> <span class='ocrx_word' id='word_1_23' title='bbox 740 223 843 253; x_wconf 89' lang='lat' dir='ltr'>minus</span> <span class='ocrx_word' id='word_1_24' title='bbox 880 224 1125 264; x_wconf 70' lang='lat' dir='ltr'>intellegentem.</span> 
     </span>
    </p>

    <p class='ocr_par' dir='ltr' id='par_1_4' title="bbox 98 266 1126 572">
     <span class='ocr_line' id='line_1_5' title="bbox 98 266 1125 308; baseline 0.001 -11"><span class='ocrx_word' id='word_1_25' title='bbox 98 267 207 304; x_wconf 79' lang='lat' dir='ltr'>5Quin</span> <span class='ocrx_word' id='word_1_26' title='bbox 244 267 345 308; x_wconf 90' lang='lat' dir='ltr'>magis</span> <span class='ocrx_word' id='word_1_27' title='bbox 384 266 561 297; x_wconf 80' lang='lat' dir='ltr'>Scaurum</span> <span class='ocrx_word' id='word_1_28' title='bbox 600 267 742 307; x_wconf 86' lang='lat' dir='ltr'>oportuit</span> <span class='ocrx_word' id='word_1_29' title='bbox 779 267 1004 298; x_wconf 86' lang='lat' dir='ltr'>commentaria</span> <span class='ocrx_word' id='word_1_30' title='bbox 1039 266 1125 298; x_wconf 87' lang='lat' dir='ltr'>Cae-</span> 
     </span>
     <span class='ocr_line' id='line_1_6' title="bbox 124 311 1126 352; baseline 0 -10"><span class='ocrx_word' id='word_1_31' title='bbox 124 311 210 343; x_wconf 86' lang='lat' dir='ltr'>selli</span> <span class='ocrx_word' id='word_1_32' title='bbox 244 312 463 342; x_wconf 75' lang='lat' dir='ltr'>criminantem</span> <span class='ocrx_word' id='word_1_33' title='bbox 496 311 557 342; x_wconf 89' lang='lat' dir='ltr'>hoc</span> <span class='ocrx_word' id='word_1_34' title='bbox 585 311 624 342; x_wconf 87' lang='lat' dir='ltr'>ab</span> <span class='ocrx_word' id='word_1_35' title='bbox 658 322 694 342; x_wconf 91' lang='lat' dir='ltr'>eo</span> <span class='ocrx_word' id='word_1_36' title='bbox 723 312 927 352; x_wconf 86' lang='lat' dir='ltr'>praeteritum</span> <span class='ocrx_word' id='word_1_37' title='bbox 958 312 1126 352; x_wconf 83' lang='lat' dir='ltr'>requirere,</span> 
     </span>
     <span class='ocr_line' id='line_1_7' title="bbox 124 355 1126 396; baseline 0 -10"><span class='ocrx_word' id='word_1_38' title='bbox 124 356 209 396; x_wconf 89' lang='grc' dir='ltr'><strong>(111ο(1</strong></span> <span class='ocrx_word' id='word_1_39' title='bbox 239 366 303 386; x_wconf 88' lang='grc'><strong>11011</strong></span> <span class='ocrx_word' id='word_1_40' title='bbox 332 356 459 395; x_wconf 75' lang='lat' dir='ltr'>dixerit,</span> <span class='ocrx_word' id='word_1_41' title='bbox 492 367 532 386; x_wconf 90' lang='lat' dir='ltr'>an</span> <span class='ocrx_word' id='word_1_42' title='bbox 561 355 637 395; x_wconf 90' lang='lat' dir='ltr'>quid</span> <span class='ocrx_word' id='word_1_43' title='bbox 666 357 696 386; x_wconf 86' lang='lat' dir='ltr'>et</span> <span class='ocrx_word' id='word_1_44' title='bbox 725 356 914 396; x_wconf 88' lang='lat' dir='ltr'>quantulum</span> <span class='ocrx_word' id='word_1_45' title='bbox 943 355 1080 386; x_wconf 84' lang='lat' dir='ltr'>differret</span> <span class='ocrx_word' id='word_1_46' title='bbox 1108 367 1126 386; x_wconf 90' lang='lat' dir='ltr'>a</span> 
     </span>
     <span class='ocr_line' id='line_1_8' title="bbox 124 399 1124 431; baseline 0 -1"><span class='ocrx_word' id='word_1_47' title='bbox 124 399 323 431; x_wconf 76' lang='lat' dir='ltr'>‘ludibundo’</span> <span class='ocrx_word' id='word_1_48' title='bbox 339 399 473 430; x_wconf 74' lang='lat' dir='ltr'>‘ludens’</span> <span class='ocrx_word' id='word_1_49' title='bbox 489 403 520 430; x_wconf 89' lang='lat' dir='ltr'>et</span> <span class='ocrx_word' id='word_1_50' title='bbox 536 399 727 430; x_wconf 81' lang='lat' dir='ltr'>‘ridibundo&#39;</span> <span class='ocrx_word' id='word_1_51' title='bbox 740 400 867 430; x_wconf 73' lang='lat' dir='ltr'>‘ridens&#39;</span> <span class='ocrx_word' id='word_1_52' title='bbox 884 402 915 430; x_wconf 86' lang='lat' dir='ltr'>et</span> <span class='ocrx_word' id='word_1_53' title='bbox 925 400 1124 430; x_wconf 81' lang='lat' dir='ltr'>‘errabundo&#39;</span> 
     </span>
     <span class='ocr_line' id='line_1_9' title="bbox 125 444 1126 484; baseline 0 -10"><span class='ocrx_word' id='word_1_54' title='bbox 125 444 253 475; x_wconf 75' lang='lat' dir='ltr'>‘errans’</span> <span class='ocrx_word' id='word_1_55' title='bbox 275 446 448 484; x_wconf 80' lang='lat' dir='ltr'>ceteraque,</span> <span class='ocrx_word' id='word_1_56' title='bbox 472 454 552 484; x_wconf 87' lang='lat' dir='ltr'>quae</span> <span class='ocrx_word' id='word_1_57' title='bbox 571 444 685 474; x_wconf 90' lang='lat' dir='ltr'>horum</span> <span class='ocrx_word' id='word_1_58' title='bbox 706 446 779 475; x_wconf 85' lang='lat' dir='ltr'>sunt</span> <span class='ocrx_word' id='word_1_59' title='bbox 799 444 923 484; x_wconf 77' lang='lat' dir='ltr'>similia,</span> <span class='ocrx_word' id='word_1_60' title='bbox 947 455 986 475; x_wconf 90' lang='lat' dir='ltr'>an</span> <span class='ocrx_word' id='word_1_61' title='bbox 1005 455 1023 474; x_wconf 91' lang='lat' dir='ltr'>a</span> <span class='ocrx_word' id='word_1_62' title='bbox 1042 445 1126 484; x_wconf 92' lang='lat' dir='ltr'>prin-</span> 
     </span>
     <span class='ocr_line' id='line_1_10' title="bbox 124 487 1126 529; baseline 0.001 -11"><span class='ocrx_word' id='word_1_63' title='bbox 124 488 279 529; x_wconf 87' lang='lat' dir='ltr'>cipalibus</span> <span class='ocrx_word' id='word_1_64' title='bbox 314 488 417 519; x_wconf 84' lang='lat' dir='ltr'>verbis</span> <span class='ocrx_word' id='word_1_65' title='bbox 450 489 579 528; x_wconf 87' lang='lat' dir='ltr'>paulum</span> <span class='ocrx_word' id='word_1_66' title='bbox 613 487 733 528; x_wconf 88' lang='lat' dir='ltr'>aliquid</span> <span class='ocrx_word' id='word_1_67' title='bbox 767 488 931 527; x_wconf 84' lang='lat' dir='ltr'>distarent,</span> <span class='ocrx_word' id='word_1_68' title='bbox 968 490 999 519; x_wconf 82' lang='lat' dir='ltr'>et</span> <span class='ocrx_word' id='word_1_69' title='bbox 1032 499 1126 529; x_wconf 88' lang='lat' dir='ltr'>quam</span> 
     </span>
     <span class='ocr_line' id='line_1_11' title="bbox 125 532 1126 572; baseline 0 -9"><span class='ocrx_word' id='word_1_70' title='bbox 125 533 253 563; x_wconf 86' lang='lat' dir='ltr'>omnino</span> <span class='ocrx_word' id='word_1_71' title='bbox 282 532 345 563; x_wconf 87' lang='lat' dir='ltr'>vim</span> <span class='ocrx_word' id='word_1_72' title='bbox 375 532 505 563; x_wconf 83' lang='lat' dir='ltr'>haberet</span> <span class='ocrx_word' id='word_1_73' title='bbox 528 533 683 572; x_wconf 85' lang='lat' dir='ltr'>particula</span> <span class='ocrx_word' id='word_1_74' title='bbox 706 532 784 563; x_wconf 89' lang='lat' dir='ltr'>haec</span> <span class='ocrx_word' id='word_1_75' title='bbox 808 535 949 563; x_wconf 76' lang='lat' dir='ltr'>extrema</span> <span class='ocrx_word' id='word_1_76' title='bbox 973 533 1126 563; x_wconf 86' lang='lat' dir='ltr'>eiusmodi</span> 
     </span>
    </p>

    <p class='ocr_par' dir='ltr' id='par_1_5' title="bbox 99 576 1127 838">
     <span class='ocr_line' id='line_1_12' title="bbox 99 576 1125 617; baseline 0 -10"><span class='ocrx_word' id='word_1_77' title='bbox 99 577 286 608; x_wconf 72' lang='lat' dir='ltr'>evocabulis</span> <span class='ocrx_word' id='word_1_78' title='bbox 315 576 428 607; x_wconf 85' lang='lat' dir='ltr'>addita.</span> <span class='ocrx_word' id='word_1_79' title='bbox 474 576 545 607; x_wconf 90' lang='lat' dir='ltr'>Hoc</span> <span class='ocrx_word' id='word_1_80' title='bbox 573 577 657 607; x_wconf 83' lang='lat' dir='ltr'>enim</span> <span class='ocrx_word' id='word_1_81' title='bbox 685 576 746 607; x_wconf 83' lang='lat' dir='ltr'>fuit</span> <span class='ocrx_word' id='word_1_82' title='bbox 774 577 879 617; x_wconf 84' lang='lat' dir='ltr'>potius</span> <span class='ocrx_word' id='word_1_83' title='bbox 903 577 1125 616; x_wconf 86' lang='lat' dir='ltr'>requirendum</span> 
     </span>
     <span class='ocr_line' id='line_1_13' title="bbox 124 621 1127 662; baseline 0 -11"><span class='ocrx_word' id='word_1_84' title='bbox 124 622 156 652; x_wconf 91' lang='lat' dir='ltr'>in</span> <span class='ocrx_word' id='word_1_85' title='bbox 184 621 363 652; x_wconf 71' lang='lat' dir='ltr'>istiusmodi</span> <span class='ocrx_word' id='word_1_86' title='bbox 392 621 511 662; x_wconf 90' lang='lat' dir='ltr'>figurae</span> <span class='ocrx_word' id='word_1_87' title='bbox 539 622 689 660; x_wconf 85' lang='lat' dir='ltr'>tractatu,</span> <span class='ocrx_word' id='word_1_88' title='bbox 720 621 812 651; x_wconf 86' lang='lat' dir='ltr'>sicuti</span> <span class='ocrx_word' id='word_1_89' title='bbox 840 621 958 661; x_wconf 88' lang='lat' dir='ltr'>requiri</span> <span class='ocrx_word' id='word_1_90' title='bbox 986 621 1067 651; x_wconf 88' lang='lat' dir='ltr'>solet</span> <span class='ocrx_word' id='word_1_91' title='bbox 1094 621 1127 651; x_wconf 88' lang='lat' dir='ltr'>in</span> 
     </span>
     <span class='ocr_line' id='line_1_14' title="bbox 125 665 1127 705; baseline 0 -10"><span class='ocrx_word' id='word_1_92' title='bbox 125 665 312 696; x_wconf 66' lang='lat' dir='ltr'>‘vinulento’</span> <span class='ocrx_word' id='word_1_93' title='bbox 347 667 377 695; x_wconf 85' lang='lat' dir='ltr'>et</span> <span class='ocrx_word' id='word_1_94' title='bbox 411 665 592 696; x_wconf 79' lang='lat' dir='ltr'>‘lutulento’</span> <span class='ocrx_word' id='word_1_95' title='bbox 621 667 652 696; x_wconf 89' lang='lat' dir='ltr'>et</span> <span class='ocrx_word' id='word_1_96' title='bbox 681 665 897 705; x_wconf 72' lang='lat' dir='ltr'>eturbulento’,</span> <span class='ocrx_word' id='word_1_97' title='bbox 930 676 1068 696; x_wconf 85' lang='lat' dir='ltr'>vacuane</span> <span class='ocrx_word' id='word_1_98' title='bbox 1096 667 1127 696; x_wconf 83' lang='lat' dir='ltr'>et</span> 
     </span>
     <span class='ocr_line' id='line_1_15' title="bbox 124 709 1126 750; baseline -0.001 -10"><span class='ocrx_word' id='word_1_99' title='bbox 124 710 226 740; x_wconf 78' lang='lat' dir='ltr'>&#39;manis</span> <span class='ocrx_word' id='word_1_100' title='bbox 247 710 287 740; x_wconf 86' lang='lat' dir='ltr'>sit</span> <span class='ocrx_word' id='word_1_101' title='bbox 307 710 403 740; x_wconf 80' lang='lat' dir='ltr'>istaec</span> <span class='ocrx_word' id='word_1_102' title='bbox 422 709 599 749; x_wconf 79' lang='lat' dir='ltr'>productio,</span> <span class='ocrx_word' id='word_1_103' title='bbox 623 709 799 740; x_wconf 82' lang='lat' dir='ltr'>cuiusmodi</span> <span class='ocrx_word' id='word_1_104' title='bbox 821 711 903 749; x_wconf 85' lang='lat' dir='ltr'>sunt,</span> <span class='ocrx_word' id='word_1_105' title='bbox 928 720 1007 750; x_wconf 87' lang='lat' dir='ltr'>quae</span> <span class='ocrx_word' id='word_1_106' title='bbox 1025 720 1126 749; x_wconf 67' lang='grc' dir='ltr'><em>παρα·</em></span> 
     </span>
     <span class='ocr_line' id='line_1_16' title="bbox 124 752 1127 794; baseline 0 -10"><span class='ocrx_word' id='word_1_107' title='bbox 124 754 230 794; x_wconf 71' lang='grc' dir='ltr'><em>γωγὰς</em></span> <span class='ocrx_word' id='word_1_108' title='bbox 256 752 365 784; x_wconf 84' lang='lat' dir='ltr'>Graeci</span> <span class='ocrx_word' id='word_1_109' title='bbox 390 753 570 793; x_wconf 39' lang='grc'><strong>(1100113311</strong></span> <span class='ocrx_word' id='word_1_110' title='bbox 595 756 734 784; x_wconf 76' lang='lat' dir='ltr'>extrema</span> <span class='ocrx_word' id='word_1_111' title='bbox 757 754 812 784; x_wconf 87' lang='lat' dir='ltr'>illa</span> <span class='ocrx_word' id='word_1_112' title='bbox 836 754 991 794; x_wconf 81' lang='lat' dir='ltr'>particula</span> <span class='ocrx_word' id='word_1_113' title='bbox 1012 753 1127 784; x_wconf 87' lang='lat' dir='ltr'>habeat</span> 
     </span>
     <span class='ocr_line' id='line_1_17' title="bbox 124 798 787 839; baseline 0 -11"><span class='ocrx_word' id='word_1_114' title='bbox 124 798 246 838; x_wconf 87' lang='lat' dir='ltr'>aliquid</span> <span class='ocrx_word' id='word_1_115' title='bbox 270 809 344 829; x_wconf 86' lang='lat' dir='ltr'>suae</span> <span class='ocrx_word' id='word_1_116' title='bbox 368 798 514 838; x_wconf 87' lang='lat' dir='ltr'>propriae</span> <span class='ocrx_word' id='word_1_117' title='bbox 539 798 787 839; x_wconf 81' lang='lat' dir='ltr'>significationis.</span> 
     </span>
    </p>

    <p class='ocr_par' dir='ltr' id='par_1_6' title="bbox 100 824 1127 1149">
     <span class='ocr_line' id='line_1_18' title="bbox 100 824 1126 882; baseline 0 -10"><span class='ocrx_word' id='word_1_118' title='bbox 100 851 112 873; x_wconf 77' lang='grc'>7</span> <span class='ocrx_word' id='word_1_119' title='bbox 191 841 269 873; x_wconf 83' lang='lat' dir='ltr'>Cum</span> <span class='ocrx_word' id='word_1_120' title='bbox 298 824 708 882; x_wconf 58' lang='lat' dir='ltr'>rep1ehensi0nem⁰a11te1u</span> <span class='ocrx_word' id='word_1_121' title='bbox 737 842 825 872; x_wconf 90' lang='lat' dir='ltr'>illam</span> <span class='ocrx_word' id='word_1_122' title='bbox 850 828 981 873; x_wconf 86' lang='lat' dir='ltr'>Scauii</span> <span class='ocrx_word' id='word_1_123' title='bbox 1005 843 1126 872; x_wconf 87' lang='lat' dir='ltr'>notare-</span> 
     </span>
     <span class='ocr_line' id='line_1_19' title="bbox 125 885 1127 926; baseline -0.001 -9"><span class='ocrx_word' id='word_1_124' title='bbox 125 898 207 925; x_wconf 85' lang='lat' dir='ltr'>mus,</span> <span class='ocrx_word' id='word_1_125' title='bbox 241 887 273 917; x_wconf 90' lang='lat' dir='ltr'>in</span> <span class='ocrx_word' id='word_1_126' title='bbox 306 887 490 917; x_wconf 84' lang='lat' dir='ltr'>memoriam</span> <span class='ocrx_word' id='word_1_127' title='bbox 523 886 616 917; x_wconf 84' lang='lat' dir='ltr'>nobis</span> <span class='ocrx_word' id='word_1_128' title='bbox 648 886 754 926; x_wconf 75' lang='lat' dir='ltr'>rediit,</span> <span class='ocrx_word' id='word_1_129' title='bbox 787 886 871 926; x_wconf 89' lang='lat' dir='ltr'>quod</span> <span class='ocrx_word' id='word_1_130' title='bbox 903 885 1062 916; x_wconf 80' lang='lat' dir='ltr'>Sisenna</span> <span class='ocrx_word' id='word_1_131' title='bbox 1095 886 1127 916; x_wconf 91' lang='lat' dir='ltr'>in</span> 
     </span>
     <span class='ocr_line' id='line_1_20' title="bbox 126 930 1126 971; baseline -0.001 -10"><span class='ocrx_word' id='word_1_132' title='bbox 126 933 259 971; x_wconf 75' lang='lat' dir='ltr'>quarto</span> <span class='ocrx_word' id='word_1_133' title='bbox 279 931 527 961; x_wconf 75' lang='lat' dir='ltr'>historiarum</span> <span class='ocrx_word' id='word_1_134' title='bbox 545 932 599 970; x_wconf 77' lang='lat' dir='ltr'>(fr.</span> <span class='ocrx_word' id='word_1_135' title='bbox 610 932 648 961; x_wconf 98' lang='lat'>55</span> <span class='ocrx_word' id='word_1_136' title='bbox 660 930 713 971; x_wconf 82' lang='lat' dir='ltr'>P.)</span> <span class='ocrx_word' id='word_1_137' title='bbox 733 931 872 961; x_wconf 87' lang='lat' dir='ltr'>eiusdem</span> <span class='ocrx_word' id='word_1_138' title='bbox 891 931 1012 971; x_wconf 88' lang='lat' dir='ltr'>figurae</span> <span class='ocrx_word' id='word_1_139' title='bbox 1030 930 1126 960; x_wconf 86' lang='lat' dir='ltr'>verbo</span> 
     </span>
     <span class='ocr_line' id='line_1_21' title="bbox 124 974 1126 1016; baseline 0 -11"><span class='ocrx_word' id='word_1_140' title='bbox 124 976 168 1006; x_wconf 91' lang='lat' dir='ltr'>ita</span> <span class='ocrx_word' id='word_1_141' title='bbox 196 986 271 1005; x_wconf 89' lang='lat' dir='ltr'>usus</span> <span class='ocrx_word' id='word_1_142' title='bbox 301 977 354 1005; x_wconf 87' lang='lat' dir='ltr'>est.</span> <span class='ocrx_word' id='word_1_143' title='bbox 402 974 698 1015; x_wconf 88' lang='lat' dir='ltr'>Populabundus</span> <span class='ocrx_word' id='word_1_144' title='bbox 728 975 831 1015; x_wconf 85' lang='lat' dir='ltr'>inquit</span> <span class='ocrx_word' id='word_1_145' title='bbox 859 985 969 1016; x_wconf 87' lang='lat' dir='ltr'>agros</span> <span class='ocrx_word' id='word_1_146' title='bbox 997 974 1040 1005; x_wconf 85' lang='lat' dir='ltr'>ad</span> <span class='ocrx_word' id='word_1_147' title='bbox 1065 985 1126 1014; x_wconf 91' lang='lat' dir='ltr'>op-</span> 
     </span>
     <span class='ocr_line' id='line_1_22' title="bbox 124 1019 1127 1060; baseline 0 -11"><span class='ocrx_word' id='word_1_148' title='bbox 124 1019 251 1060; x_wconf 87' lang='lat' dir='ltr'>pidum</span> <span class='ocrx_word' id='word_1_149' title='bbox 276 1020 463 1059; x_wconf 83' lang='lat' dir='ltr'>pervenit,</span> <span class='ocrx_word' id='word_1_150' title='bbox 492 1019 575 1059; x_wconf 90' lang='lat' dir='ltr'>quod</span> <span class='ocrx_word' id='word_1_151' title='bbox 601 1019 721 1050; x_wconf 89' lang='lat' dir='ltr'>scilicet</span> <span class='ocrx_word' id='word_1_152' title='bbox 745 1019 903 1060; x_wconf 87' lang='lat' dir='ltr'>significat</span> <span class='ocrx_word' id='word_1_153' title='bbox 927 1019 1009 1049; x_wconf 69' lang='lat' dir='ltr'>‘cum</span> <span class='ocrx_word' id='word_1_154' title='bbox 1034 1029 1127 1059; x_wconf 86' lang='lat' dir='ltr'>agros</span> 
     </span>
     <span class='ocr_line' id='line_1_23' title="bbox 125 1062 1127 1104; baseline -0.001 -11"><span class='ocrx_word' id='word_1_155' title='bbox 125 1063 352 1104; x_wconf 78' lang='lat' dir='ltr'>popularetur&#39;,</span> <span class='ocrx_word' id='word_1_156' title='bbox 378 1074 454 1103; x_wconf 81' lang='lat' dir='ltr'>non,</span> <span class='ocrx_word' id='word_1_157' title='bbox 479 1066 514 1094; x_wconf 87' lang='lat' dir='ltr'>ut</span> <span class='ocrx_word' id='word_1_158' title='bbox 539 1062 700 1094; x_wconf 84' lang='lat' dir='ltr'>Scaurus</span> <span class='ocrx_word' id='word_1_159' title='bbox 724 1064 756 1094; x_wconf 91' lang='lat' dir='ltr'>in</span> <span class='ocrx_word' id='word_1_160' title='bbox 781 1063 999 1094; x_wconf 88' lang='lat' dir='ltr'>consimilibus</span> <span class='ocrx_word' id='word_1_161' title='bbox 1023 1062 1127 1093; x_wconf 85' lang='lat' dir='ltr'>verbis</span> 
     </span>
     <span class='ocr_line' id='line_1_24' title="bbox 125 1107 1065 1149; baseline -0.001 -11"><span class='ocrx_word' id='word_1_162' title='bbox 125 1108 182 1147; x_wconf 72' lang='lat' dir='ltr'>ait,</span> <span class='ocrx_word' id='word_1_163' title='bbox 206 1108 289 1138; x_wconf 85' lang='lat' dir='ltr'>‘cum</span> <span class='ocrx_word' id='word_1_164' title='bbox 314 1108 519 1148; x_wconf 83' lang='lat' dir='ltr'>populantem</span> <span class='ocrx_word' id='word_1_165' title='bbox 544 1108 661 1149; x_wconf 87' lang='lat' dir='ltr'>ageret’</span> <span class='ocrx_word' id='word_1_166' title='bbox 687 1108 736 1138; x_wconf 88' lang='lat' dir='ltr'>vel</span> <span class='ocrx_word' id='word_1_167' title='bbox 761 1108 843 1138; x_wconf 77' lang='lat' dir='ltr'>‘cum</span> <span class='ocrx_word' id='word_1_168' title='bbox 868 1107 1065 1138; x_wconf 84' lang='lat' dir='ltr'>imitaretur’.</span> 
     </span>
    </p>

    <p class='ocr_par' dir='ltr' id='par_1_7' title="bbox 99 1150 1127 1192">
     <span class='ocr_line' id='line_1_25' title="bbox 99 1150 1127 1192; baseline -0.001 -10"><span class='ocrx_word' id='word_1_169' title='bbox 99 1161 113 1183; x_wconf 75' lang='lat'><strong>3</strong></span> <span class='ocrx_word' id='word_1_170' title='bbox 193 1151 253 1182; x_wconf 78' lang='lat' dir='ltr'>Sed</span> <span class='ocrx_word' id='word_1_171' title='bbox 286 1152 518 1191; x_wconf 79' lang='lat' dir='ltr'>inquirentibus</span> <span class='ocrx_word' id='word_1_172' title='bbox 546 1152 652 1191; x_wconf 71' lang='lat' dir='ltr'>nobis,</span> <span class='ocrx_word' id='word_1_173' title='bbox 685 1163 839 1192; x_wconf 85' lang='lat' dir='ltr'>quaenam</span> <span class='ocrx_word' id='word_1_174' title='bbox 868 1152 948 1182; x_wconf 84' lang='lat' dir='ltr'>ratio</span> <span class='ocrx_word' id='word_1_175' title='bbox 978 1153 1009 1182; x_wconf 85' lang='lat' dir='ltr'>et</span> <span class='ocrx_word' id='word_1_176' title='bbox 1038 1150 1127 1192; x_wconf 88' lang='lat' dir='ltr'>origo</span> 
     </span>
    </p>
   </div>
   <div class='ocr_carea' id='block_1_3' title="bbox 125 1195 1153 1237">
    <p class='ocr_par' dir='ltr' id='par_1_8' title="bbox 125 1195 1153 1237">
     <span class='ocr_line' id='line_1_26' title="bbox 125 1195 1153 1237; baseline -0.001 -11"><span class='ocrx_word' id='word_1_177' title='bbox 125 1199 207 1226; x_wconf 85' lang='lat' dir='ltr'>esset</span> <span class='ocrx_word' id='word_1_178' title='bbox 234 1195 453 1227; x_wconf 87' lang='lat' dir='ltr'>huiuscemodi</span> <span class='ocrx_word' id='word_1_179' title='bbox 477 1196 597 1237; x_wconf 83' lang='lat' dir='ltr'>figurae</span> <span class='ocrx_word' id='word_1_180' title='bbox 622 1195 888 1237; x_wconf 86' lang='lat' dir='ltr'>‘populabundus’</span> <span class='ocrx_word' id='word_1_181' title='bbox 914 1198 945 1226; x_wconf 86' lang='lat' dir='ltr'>et</span> <span class='ocrx_word' id='word_1_182' title='bbox 969 1195 1127 1226; x_wconf 66' lang='lat' dir='ltr'>‘errabun-</span> <span class='ocrx_word' id='word_1_183' title='bbox 1142 1207 1153 1225; x_wconf 76' lang='lat'><strong>2</strong></span> 
     </span>
    </p>
   </div>
   <div class='ocr_carea' id='block_1_4' title="bbox 125 1239 1128 1412">
    <p class='ocr_par' dir='ltr' id='par_1_9' title="bbox 125 1239 1128 1412">
     <span class='ocr_line' id='line_1_27' title="bbox 126 1239 1127 1278; baseline -0.001 -8"><span class='ocrx_word' id='word_1_184' title='bbox 126 1240 193 1271; x_wconf 72' lang='lat' dir='ltr'>(lus’</span> <span class='ocrx_word' id='word_1_185' title='bbox 233 1243 263 1271; x_wconf 83' lang='lat' dir='ltr'>et</span> <span class='ocrx_word' id='word_1_186' title='bbox 300 1239 531 1271; x_wconf 57' lang='lat' dir='ltr'>‘laetabundus&#39;</span> <span class='ocrx_word' id='word_1_187' title='bbox 571 1243 602 1271; x_wconf 88' lang='lat' dir='ltr'>et</span> <span class='ocrx_word' id='word_1_188' title='bbox 640 1240 854 1271; x_wconf 85' lang='lat' dir='ltr'>‘ludibundus’</span> <span class='ocrx_word' id='word_1_189' title='bbox 890 1240 1127 1278; x_wconf 86' lang='lat' dir='ltr'>multorumque</span> 
     </span>
     <span class='ocr_line' id='line_1_28' title="bbox 125 1282 1126 1326; baseline -0.001 -12"><span class='ocrx_word' id='word_1_190' title='bbox 125 1285 260 1315; x_wconf 86' lang='lat' dir='ltr'>aliorum</span> <span class='ocrx_word' id='word_1_191' title='bbox 282 1284 312 1314; x_wconf 84' lang='lat' dir='ltr'>id</span> <span class='ocrx_word' id='word_1_192' title='bbox 333 1295 431 1326; x_wconf 84' lang='lat' dir='ltr'>genus</span> <span class='ocrx_word' id='word_1_193' title='bbox 451 1285 629 1324; x_wconf 84' lang='lat' dir='ltr'>verborum,</span> <span class='ocrx_word' id='word_1_194' title='bbox 649 1285 843 1324; x_wconf 79' lang='grc' dir='ltr'><em>εὐεπιβόλως</em></span> <span class='ocrx_word' id='word_1_195' title='bbox 860 1284 964 1315; x_wconf 85' lang='lat' dir='ltr'>hercle</span> <span class='ocrx_word' id='word_1_196' title='bbox 979 1282 1126 1324; x_wconf 87' lang='lat' dir='ltr'>Apolli-</span> 
     </span>
     <span class='ocr_line' id='line_1_29' title="bbox 125 1329 1127 1369; baseline -0.001 -10"><span class='ocrx_word' id='word_1_197' title='bbox 125 1329 226 1359; x_wconf 86' lang='lat' dir='ltr'>naris</span> <span class='ocrx_word' id='word_1_198' title='bbox 254 1331 362 1359; x_wconf 84' lang='lat' dir='ltr'>noster</span> <span class='ocrx_word' id='word_1_199' title='bbox 389 1329 487 1359; x_wconf 76' lang='lat' dir='ltr'>videri</span> <span class='ocrx_word' id='word_1_200' title='bbox 516 1329 576 1359; x_wconf 83' lang='lat' dir='ltr'>sibi</span> <span class='ocrx_word' id='word_1_201' title='bbox 605 1329 649 1359; x_wconf 84' lang='lat' dir='ltr'>ait</span> <span class='ocrx_word' id='word_1_202' title='bbox 677 1329 863 1369; x_wconf 83' lang='lat' dir='ltr'>particulam</span> <span class='ocrx_word' id='word_1_203' title='bbox 891 1329 983 1358; x_wconf 86' lang='lat' dir='ltr'>istam</span> <span class='ocrx_word' id='word_1_204' title='bbox 1008 1329 1127 1368; x_wconf 86' lang='lat' dir='ltr'>postre-</span> 
     </span>
     <span class='ocr_line' id='line_1_30' title="bbox 126 1372 1128 1412; baseline -0.001 -9"><span class='ocrx_word' id='word_1_205' title='bbox 126 1384 222 1412; x_wconf 77' lang='lat' dir='ltr'>mam,</span> <span class='ocrx_word' id='word_1_206' title='bbox 252 1373 283 1403; x_wconf 90' lang='lat' dir='ltr'>in</span> <span class='ocrx_word' id='word_1_207' title='bbox 312 1384 405 1412; x_wconf 88' lang='lat' dir='ltr'>quam</span> <span class='ocrx_word' id='word_1_208' title='bbox 431 1373 526 1403; x_wconf 87' lang='lat' dir='ltr'>verba</span> <span class='ocrx_word' id='word_1_209' title='bbox 549 1373 626 1403; x_wconf 84' lang='lat' dir='ltr'>talia</span> <span class='ocrx_word' id='word_1_210' title='bbox 650 1375 777 1411; x_wconf 80' lang='lat' dir='ltr'>exeunt,</span> <span class='ocrx_word' id='word_1_211' title='bbox 806 1373 869 1403; x_wconf 90' lang='lat' dir='ltr'>vim</span> <span class='ocrx_word' id='word_1_212' title='bbox 894 1374 924 1403; x_wconf 87' lang='lat' dir='ltr'>et</span> <span class='ocrx_word' id='word_1_213' title='bbox 948 1372 1071 1412; x_wconf 85' lang='lat' dir='ltr'>copiam</span> <span class='ocrx_word' id='word_1_214' title='bbox 1097 1374 1128 1402; x_wconf 86' lang='lat' dir='ltr'>et</span> 
     </span>
    </p>
   </div>
   <div class='ocr_carea' id='block_1_5' title="bbox 125 1485 1127 1554">
    <p class='ocr_par' dir='ltr' id='par_1_10' title="bbox 125 1485 1127 1554">
     <span class='ocr_line' id='line_1_31' title="bbox 198 1485 1127 1519; baseline -0.001 -8"><span class='ocrx_word' id='word_1_215' title='bbox 198 1489 228 1511; x_wconf 63' lang='lat'>1⁸</span> <span class='ocrx_word' id='word_1_216' title='bbox 248 1485 317 1511; x_wconf 65' lang='lat' dir='ltr'>Non⁴</span> <span class='ocrx_word' id='word_1_217' title='bbox 334 1485 383 1510; x_wconf 86' lang='lat' dir='ltr'>VH</span> <span class='ocrx_word' id='word_1_218' title='bbox 398 1495 423 1519; x_wconf 87' lang='lat' dir='ltr'>p.</span> <span class='ocrx_word' id='word_1_219' title='bbox 438 1489 497 1517; x_wconf 72' lang='lat'>471,</span> <span class='ocrx_word' id='word_1_220' title='bbox 509 1488 540 1511; x_wconf 68' lang='lat'>2²3</span> <span class='ocrx_word' id='word_1_221' title='bbox 558 1486 685 1511; x_wconf 80' lang='lat' dir='ltr'>‘Sisenna</span> <span class='ocrx_word' id='word_1_222' title='bbox 700 1486 762 1511; x_wconf 79' lang='lat' dir='ltr'>hist.</span> <span class='ocrx_word' id='word_1_223' title='bbox 779 1485 826 1510; x_wconf 84' lang='lat' dir='ltr'>lib.</span> <span class='ocrx_word' id='word_1_224' title='bbox 842 1485 890 1510; x_wconf 86' lang='lat' dir='ltr'>IV:</span> <span class='ocrx_word' id='word_1_225' title='bbox 907 1485 1032 1518; x_wconf 85' lang='lat' dir='ltr'>protinus</span> <span class='ocrx_word' id='word_1_226' title='bbox 1047 1493 1127 1518; x_wconf 84' lang='lat' dir='ltr'>agros</span> 
     </span>
     <span class='ocr_line' id='line_1_32' title="bbox 125 1521 1046 1554; baseline 0 -8"><span class='ocrx_word' id='word_1_227' title='bbox 125 1521 338 1554; x_wconf 82' lang='lat' dir='ltr'>populabundos</span> <span class='ocrx_word' id='word_1_228' title='bbox 359 1521 393 1546; x_wconf 85' lang='lat' dir='ltr'>ad</span> <span class='ocrx_word' id='word_1_229' title='bbox 413 1521 561 1546; x_wconf 82' lang='lat' dir='ltr'>Nuceriam</span> <span class='ocrx_word' id='word_1_230' title='bbox 580 1521 774 1553; x_wconf 74' lang='lat' dir='ltr'>(‘Numeriam⁷</span> <span class='ocrx_word' id='word_1_231' title='bbox 792 1521 881 1553; x_wconf 65' lang='lat' dir='ltr'>codd)</span> <span class='ocrx_word' id='word_1_232' title='bbox 901 1521 1046 1546; x_wconf 78' lang='lat' dir='ltr'>convertit&#39;</span> 
     </span>
    </p>
   </div>
   <div class='ocr_carea' id='block_1_6' title="bbox 125 1626 1127 1765">
    <p class='ocr_par' dir='ltr' id='par_1_11' title="bbox 125 1626 1127 1765">
     <span class='ocr_line' id='line_1_33' title="bbox 197 1626 1126 1660; baseline -0.001 -8"><span class='ocrx_word' id='word_1_233' title='bbox 197 1630 211 1652; x_wconf 77' lang='lat'>6</span> <span class='ocrx_word' id='word_1_234' title='bbox 232 1626 342 1652; x_wconf 76' lang='lat' dir='ltr'>differet</span> <span class='ocrx_word' id='word_1_235' title='bbox 360 1627 449 1652; x_wconf 75' lang='grc' dir='ltr'>ΝΟΧ1</span> <span class='ocrx_word' id='word_1_236' title='bbox 469 1635 539 1652; x_wconf 85' lang='lat' dir='ltr'>-erre</span> <span class='ocrx_word' id='word_1_237' title='bbox 554 1629 570 1651; x_wconf 91' lang='lat' dir='ltr'>Z</span> <span class='ocrx_word' id='word_1_238' title='bbox 595 1629 603 1659; x_wconf 73' lang='grc'>’11</span> <span class='ocrx_word' id='word_1_239' title='bbox 628 1630 640 1651; x_wconf 83' lang='grc'>7</span> <span class='ocrx_word' id='word_1_240' title='bbox 662 1628 690 1652; x_wconf 80' lang='lat' dir='ltr'>et</span> <span class='ocrx_word' id='word_1_241' title='bbox 707 1627 758 1652; x_wconf 26' lang='lat' dir='ltr'>rid*</span> <span class='ocrx_word' id='word_1_242' title='bbox 778 1627 841 1660; x_wconf 67' lang='lat' dir='ltr'>rid]</span> <span class='ocrx_word' id='word_1_243' title='bbox 856 1630 880 1652; x_wconf 86' lang='lat' dir='ltr'>X</span> <span class='ocrx_word' id='word_1_244' title='bbox 900 1635 947 1652; x_wconf 83' lang='lat' dir='ltr'>om.</span> <span class='ocrx_word' id='word_1_245' title='bbox 964 1636 984 1651; x_wconf 90' lang='grc' dir='ltr'>ω</span> <span class='ocrx_word' id='word_1_246' title='bbox 1007 1628 1015 1658; x_wconf 84' lang='grc' dir='ltr'>ΙΙ</span> <span class='ocrx_word' id='word_1_247' title='bbox 1039 1628 1054 1651; x_wconf 83' lang='grc'>8</span> <span class='ocrx_word' id='word_1_248' title='bbox 1074 1634 1126 1658; x_wconf 85' lang='lat' dir='ltr'>que</span> 
     </span>
     <span class='ocr_line' id='line_1_34' title="bbox 126 1661 1127 1695; baseline -0.001 -8"><span class='ocrx_word' id='word_1_249' title='bbox 126 1671 173 1688; x_wconf 81' lang='lat' dir='ltr'>om.</span> <span class='ocrx_word' id='word_1_250' title='bbox 196 1662 228 1690; x_wconf 61' lang='lat' dir='ltr'>Q)</span> <span class='ocrx_word' id='word_1_251' title='bbox 256 1670 327 1694; x_wconf 85' lang='lat' dir='ltr'>quae</span> <span class='ocrx_word' id='word_1_252' title='bbox 351 1670 399 1687; x_wconf 79' lang='grc' dir='ltr'>οηι,</span> <span class='ocrx_word' id='word_1_253' title='bbox 422 1663 474 1687; x_wconf 78' lang='lat' dir='ltr'>rell.</span> <span class='ocrx_word' id='word_1_254' title='bbox 502 1663 505 1695; x_wconf 67' lang='grc'>1</span> <span class='ocrx_word' id='word_1_255' title='bbox 532 1663 595 1687; x_wconf 87' lang='lat' dir='ltr'>sunt</span> <span class='ocrx_word' id='word_1_256' title='bbox 619 1670 666 1687; x_wconf 70' lang='lat' dir='ltr'>om⁴</span> <span class='ocrx_word' id='word_1_257' title='bbox 688 1663 774 1687; x_wconf 80' lang='lat' dir='ltr'>NOH</span> <span class='ocrx_word' id='word_1_258' title='bbox 796 1663 804 1695; x_wconf 77' lang='grc' dir='ltr'>ΙΙ</span> <span class='ocrx_word' id='word_1_259' title='bbox 830 1665 860 1687; x_wconf 85' lang='grc'>13</span> <span class='ocrx_word' id='word_1_260' title='bbox 890 1663 917 1688; x_wconf 85' lang='lat' dir='ltr'>et</span> <span class='ocrx_word' id='word_1_261' title='bbox 940 1662 988 1687; x_wconf 85' lang='lat' dir='ltr'>lut.</span> <span class='ocrx_word' id='word_1_262' title='bbox 1014 1669 1061 1686; x_wconf 79' lang='lat' dir='ltr'>om.</span> <span class='ocrx_word' id='word_1_263' title='bbox 1083 1662 1104 1686; x_wconf 74' lang='lat' dir='ltr'>d</span> <span class='ocrx_word' id='word_1_264' title='bbox 1119 1661 1127 1694; x_wconf 67' lang='grc'>11</span> 
     </span>
     <span class='ocr_line' id='line_1_35' title="bbox 128 1696 1126 1731; baseline -0.001 -9"><span class='ocrx_word' id='word_1_265' title='bbox 128 1701 159 1723; x_wconf 83' lang='grc'>14</span> <span class='ocrx_word' id='word_1_266' title='bbox 179 1697 247 1723; x_wconf 80' lang='lat' dir='ltr'>istec</span> <span class='ocrx_word' id='word_1_267' title='bbox 262 1700 284 1722; x_wconf 73' lang='lat' dir='ltr'>N</span> <span class='ocrx_word' id='word_1_268' title='bbox 299 1697 353 1723; x_wconf 86' lang='lat' dir='ltr'>ista</span> <span class='ocrx_word' id='word_1_269' title='bbox 369 1699 395 1722; x_wconf 86' lang='lat' dir='ltr'>et</span> <span class='ocrx_word' id='word_1_270' title='bbox 411 1698 432 1723; x_wconf 57' lang='lat' dir='ltr'>d*</span> <span class='ocrx_word' id='word_1_271' title='bbox 446 1697 500 1723; x_wconf 84' lang='lat' dir='ltr'>ista</span> <span class='ocrx_word' id='word_1_272' title='bbox 516 1697 583 1723; x_wconf 87' lang='lat' dir='ltr'>haec</span> <span class='ocrx_word' id='word_1_273' title='bbox 600 1698 683 1722; x_wconf 83' lang='lat' dir='ltr'><strong>on</strong></span> <span class='ocrx_word' id='word_1_274' title='bbox 701 1698 703 1731; x_wconf 67' lang='grc'>1</span> <span class='ocrx_word' id='word_1_275' title='bbox 721 1697 911 1724; x_wconf 78' lang='grc' dir='ltr'>ΠὰΡὰΤ(ι)Γὰ</span> <span class='ocrx_word' id='word_1_276' title='bbox 926 1699 968 1722; x_wconf 79' lang='grc' dir='ltr'>ΒΖ</span> <span class='ocrx_word' id='word_1_277' title='bbox 982 1698 990 1729; x_wconf 79' lang='grc' dir='ltr'>Η</span> <span class='ocrx_word' id='word_1_278' title='bbox 1006 1699 1037 1721; x_wconf 75' lang='grc'>26</span> <span class='ocrx_word' id='word_1_279' title='bbox 1057 1696 1126 1721; x_wconf 88' lang='grc'><strong>111111-</strong></span> 
     </span>
     <span class='ocr_line' id='line_1_36' title="bbox 125 1732 709 1765; baseline -0.002 -7"><span class='ocrx_word' id='word_1_280' title='bbox 125 1735 216 1758; x_wconf 83' lang='lat' dir='ltr'>tomm</span> <span class='ocrx_word' id='word_1_281' title='bbox 236 1734 274 1765; x_wconf 84' lang='lat' dir='ltr'>(et</span> <span class='ocrx_word' id='word_1_282' title='bbox 292 1742 325 1758; x_wconf 87' lang='lat' dir='ltr'>m.</span> <span class='ocrx_word' id='word_1_283' title='bbox 344 1732 386 1765; x_wconf 61' lang='lat'>12²²)</span> <span class='ocrx_word' id='word_1_284' title='bbox 402 1735 422 1761; x_wconf 74' lang='lat' dir='ltr'>Q</span> <span class='ocrx_word' id='word_1_285' title='bbox 436 1734 443 1765; x_wconf 77' lang='grc' dir='ltr'>Η</span> <span class='ocrx_word' id='word_1_286' title='bbox 460 1735 491 1758; x_wconf 69' lang='grc'>28</span> <span class='ocrx_word' id='word_1_287' title='bbox 512 1734 660 1758; x_wconf 75' lang='lat' dir='ltr'>extremam</span> <span class='ocrx_word' id='word_1_288' title='bbox 678 1734 709 1758; x_wconf 89' lang='grc' dir='ltr'><em>Π</em></span> 
     </span>
    </p>
   </div>
   <div class='ocr_carea' id='block_1_7' title="bbox 1142 546 1166 564">
    <p class='ocr_par' dir='ltr' id='par_1_12' title="bbox 1142 546 1166 564">
     <span class='ocr_line' id='line_1_37' title="bbox 1142 546 1166 564; baseline 0 0"><span class='ocrx_word' id='word_1_289' title='bbox 1142 546 1166 564; x_wconf 93' lang='grc'>10</span> 
     </span>
    </p>
   </div>
   <div class='ocr_carea' id='block_1_8' title="bbox 1142 745 1166 785">
    <p class='ocr_par' dir='ltr' id='par_1_13' title="bbox 1142 745 1166 785">
     <span class='ocr_line' id='line_1_38' title="bbox 1151 745 1158 754; baseline 0 0"><span class='ocrx_word' id='word_1_290' title='bbox 1151 745 1158 754; x_wconf 62' lang='grc' dir='ltr'><em>ι</em></span> 
     </span>
     <span class='ocr_line' id='line_1_39' title="bbox 1142 766 1166 785; baseline 0 0"><span class='ocrx_word' id='word_1_291' title='bbox 1142 766 1166 785; x_wconf 88' lang='grc'>15</span> 
     </span>
    </p>
   </div>
   <div class='ocr_carea' id='block_1_9' title="bbox 1143 987 1167 1006">
    <p class='ocr_par' dir='ltr' id='par_1_14' title="bbox 1143 987 1167 1006">
     <span class='ocr_line' id='line_1_40' title="bbox 1143 987 1167 1006; baseline 0.042 -1"><span class='ocrx_word' id='word_1_292' title='bbox 1143 987 1167 1006; x_wconf 78' lang='grc'><strong>20</strong></span> 
     </span>
    </p>
   </div>
  </div>
 </body>
</html>
