1266 1902
168 73 229 104 122
594 75 656 101 XIV
676 78 703 107 ὃς
725 79 738 102 7

137 162 152 185 5
165 155 294 186 δώνιου.
335 155 422 186 Haec
442 156 518 186 item
537 158 632 196 atque
651 156 712 187 alia
732 157 832 188 multa
851 157 1027 188 istiusmodi
1049 157 1167 198 scripta

164 199 197 229 in
221 210 256 230 eo
281 199 362 230 libro
386 200 522 230 fuerunt.

230 243 330 280 Quem
355 254 426 274 cum
451 244 558 275 statim
582 255 754 284 properans
778 245 952 277 redderem:
976 247 1068 277 ὄναιό
1093 254 1165 285 σου,

163 288 293 327 inquam
322 287 515 319 ‘doctissime
543 288 696 328 virorum,
728 289 845 329 ταύτης
872 294 928 329 τῆς
956 291 1165 330 πολυμαθίας

163 333 194 362 et
222 331 338 362 librum
367 331 451 362 hunc
481 333 755 372 opulentissimum
783 334 887 373 recipe
915 334 961 364 nil
988 345 1101 374 prosus
1127 334 1166 364 ad
1194 346 1205 365 5

163 378 287 406 nostras
312 376 516 416 paupertinas
539 377 661 407 litteras
685 380 918 418 congruentem.
960 377 1041 409 Nam
1065 389 1165 408 meae

163 422 307 459 noctes,
345 430 422 459 quas
459 421 650 451 instructum
689 423 896 461 ornatumque
929 422 994 461 isti,
1032 422 1069 453 (le
1101 432 1165 452 uno

163 464 300 494 maxime
324 464 380 494 illo
402 475 494 495 versu
514 464 668 495 Homeri
688 467 851 505 quaerunt,
876 477 968 505 quem
990 465 1165 497 Socrates

163 519 237 548 prae
271 508 418 538 omnibus
452 519 576 549 semper
608 509 700 540 rebus
735 509 794 540 sibi
827 521 894 540 esse
927 510 1013 541 cordi
1042 510 1166 540 dicebat

162 551 235 591 (Od.
251 552 307 583 IV
317 553 409 591 392):
1181 567 1205 585 ιο

208 622 288 653 ὄττι
313 634 371 653 τοι
397 622 437 654 ἐν
461 623 666 664 μεγάροισι
690 625 808 654 κακόν
831 622 857 654 τ’
881 623 1032 663 ἀγαθόν
1051 635 1089 654 τε
1109 623 1165 655 τέ-

743 668 898 698 vinctae?

634 754 695 786 VII

162 823 241 855 Quod
260 824 295 849 M.
317 824 403 849 Varro
424 824 470 849 Cn.
491 824 633 857 Pompeio,
654 824 759 850 consuli
779 824 898 857 primum
919 825 1073 858 designato,
1093 833 1164 850 com-

197 859 361 885 mentarium
383 860 472 891 dedit,
493 868 575 892 quem
595 859 747 893 appellavit
766 860 824 893 ipse
845 859 1032 894 εἰσαγωγικόν,
1053 860 1086 886 de
1106 859 1164 885 offi-
1180 867 1204 886 15

197 895 239 920 cio
260 896 371 920 senatus
391 895 519 920 habendi.

229 964 334 997 Gnaeo
358 967 511 1007 Pompeio
538 968 720 998 consulatus
744 967 865 1007 primus
890 978 961 998 cum
985 967 1026 998 M.
1052 966 1164 998 Crasso

135 1009 345 1051 :zdesignatus
370 1012 424 1042 est.
468 1011 550 1042 Eum
575 1012 795 1053 magistratum
818 1011 987 1052 Pompeius
1012 1022 1083 1042 cum
1108 1012 1165 1042 ini-

161 1055 250 1084 turus
288 1055 383 1094 foret,
422 1056 571 1095 quoniam
610 1067 665 1096 per
698 1055 828 1086 militiae
861 1058 1004 1096 tempora
1037 1057 1164 1086 senatus

161 1098 298 1129 habendi
327 1100 588 1139 consulendique,
616 1111 720 1130 rerum
745 1111 855 1139 expers
880 1100 1070 1130 urbanarum
1094 1100 1164 1139 fuit,
1180 1113 1204 1131 20

160 1142 201 1172 M.
222 1142 428 1174 Varronem
453 1143 640 1174 familiarem
666 1155 756 1174 suum
780 1144 914 1184 rogavit,
938 1144 985 1174 uti
1007 1154 1164 1174 commen-

160 1187 275 1217 tarium
307 1187 424 1218 faceret
452 1189 667 1228 εἰσαγωγικόν
694 1206 736 1209 ——
765 1188 809 1218 sic
837 1188 920 1218 enim
950 1187 1068 1218 Varro
1097 1188 1164 1228 ipse

160 1231 300 1271 appellat
330 1250 384 1271 —7
417 1243 454 1262 ex
487 1243 550 1271 quo
583 1232 728 1271 disceret,
762 1232 837 1272 quid
869 1232 970 1262 facere
1000 1232 1164 1271 dicereque

134 1274 301 1314 3deberet‚
331 1286 401 1306 oum
432 1278 575 1306 senatum
603 1276 786 1307 consuleret.
833 1275 915 1306 Eum
940 1276 1057 1306 librum
1081 1286 1163 1306 com-

160 1320 359 1359 mentarium,
384 1331 477 1360 quem
502 1331 596 1360 super
618 1331 653 1351 ea
672 1331 705 1351 re
723 1319 876 1360 Pompeio
896 1320 1021 1359 fecerat,
1045 1320 1164 1360 perisse
1178 1332 1203 1351 25

161 1362 279 1393 Varro
313 1364 358 1394 ait
390 1365 422 1394 in
455 1364 614 1403 litteris,
647 1375 724 1404 quas
758 1364 801 1394 ad
830 1363 1039 1404 Oppianum
1070 1364 1163 1403 dedit,

160 1418 240 1447 quae
274 1410 347 1438 sunt
380 1408 412 1438 in
445 1408 543 1439 libro
577 1408 866 1449 epistolicarum
898 1408 1162 1448 quaestionum

160 1454 295 1490 quarto
315 1457 357 1491 (p.
374 1453 434 1483 195
449 1452 545 1492 Rip),
570 1453 602 1483 in
622 1452 736 1492 quibus
756 1452 879 1491 litteris,
903 1452 1062 1492 quoniam,
1084 1462 1163 1492 quae

232 1577 243 1598 1
265 1574 349 1606 atque
364 1574 431 1599 item
446 1577 522 1599 Nox
541 1575 637 1607 itaque
652 1574 773 1607 itemque
790 1575 842 1606 ΠΗ
858 1576 871 1598 3
890 1575 982 1607 qu(a)e
996 1576 1041 1598 ΝΖ
1056 1575 1064 1606 Η
1079 1576 1093 1598 5
1109 1576 1133 1599 et
1148 1576 1162 1598 6

158 1608 198 1634 nil
214 1612 237 1634 et
251 1610 359 1634 nostras
374 1618 423 1635 om.
440 1610 462 1635 d*
476 1611 483 1642 Η
499 1611 513 1634 8
534 1611 625 1642 qu(a)e
641 1610 662 1635 d·
677 1611 684 1642 Η
700 1612 714 1633 9
732 1616 780 1642 pro
799 1610 820 1634 δ’
835 1610 843 1641 Η
859 1612 889 1634 11
906 1607 931 1634 τ’
948 1618 996 1635 om.
1014 1610 1099 1634 on
1115 1608 1118 1642 Ι
1135 1618 1162 1634 τε

158 1652 207 1669 om.
228 1653 247 1677 y
261 1645 268 1677 Η
286 1647 316 1669 15
338 1644 540 1670 ledi-ornum(
560 1647 583 1669 X
608 1644 780 1677 isagogicum
800 1654 819 1669 ω
834 1646 842 1676 Η
860 1647 890 1669 16
910 1643 1031 1670 habendi
1051 1652 1099 1669 om,
1119 1644 1140 1669 d
1154 1644 1162 1672 'l

160 1682 191 1704 17
212 1679 248 1704 Μ.
269 1688 316 1705 (rm⁴
338 1680 360 1705 d
378 1681 386 1713 Η
408 1682 438 1705 18
459 1679 589 1713 dignatus
610 1681 631 1705 d
646 1681 653 1712 Η
671 1682 700 1705 19
721 1688 776 1705 sen.
796 1679 821 1704 h.
843 1688 864 1704 c*
885 1680 934 1705 del.
956 1679 1163 1705 CFWMueller

159 1714 425 1749 (reliquarumque)
436 1723 526 1740 rerum
540 1716 618 1740 Illms.
631 1714 839 1749 (omninoque)
851 1723 870 1739 r.
884 1715 995 1747 Maeth
1010 1715 1018 1747 Η
1033 1717 1064 1739 22
1077 1715 1162 1747 (5)¹C·

159 1749 335 1775 ὀΓωΓΙκΟΥ
350 1751 389 1776 sie
402 1752 456 1782 fere
472 1760 492 1775 ω
507 1751 515 1783 Η
530 1753 562 1775 ‘25
583 1758 643 1776 eam
663 1758 719 1775 rem
734 1751 756 1775 δ
770 1751 778 1783 Η
794 1753 825 1775 26
846 1749 959 1783 opinum
974 1752 997 1774 X
