1266 1902
174 40 237 71 154
588 41 637 67 XV
656 44 702 73 273
723 44 754 67 28

172 132 209 152 ex
246 121 430 163 regionibus
468 124 499 152 et
535 122 626 162 loeis,
664 122 819 163 ‘tributa'3
857 123 1030 153 centuriata
1067 125 1171 154 autem

171 166 300 197 comitia
332 166 414 196 intra
447 166 623 205 pomerium
656 166 724 197 fieri
755 167 843 197 nefas
872 177 952 206 esse,
984 167 1059 207 quia
1087 178 1172 198 exer-

170 210 268 241 citum
293 212 381 241 extra
404 209 515 240 urbem
539 210 687 250 imperari
707 212 860 251 oporteat,
885 211 967 242 intra
986 211 1095 242 urbem
1115 212 1171 241 im-

170 254 272 294 perari
306 254 354 284 ius
387 264 452 284 non
485 254 533 284 sit.
584 254 754 295 Propterea
787 255 962 286 centuriata
994 255 1026 285 in
1059 266 1170 296 campo

169 298 284 328 Martio
318 297 427 328 haberi
460 298 696 338 exercitumque
727 299 874 339 imperari
902 299 1050 339 praesidii
1078 310 1172 330 causa
1200 312 1211 331 5
1255 308 1258 311 '

170 343 313 381 solitum,
343 342 492 382 quoniam
521 343 657 383 populus
686 345 767 373 esset
795 344 827 374 in
853 343 1010 385 suffragiis
1034 344 1171 374 ferendis

171 387 362 426 occupatus.⁷

170 499 247 530 Quod
271 499 371 524 erravit
391 498 532 524 Cornelius
552 498 657 532 Nepos,
682 508 743 525 cum
763 500 874 533 scripsit
893 499 1051 526 Ciceronem
1070 502 1125 526 tres
1146 502 1173 526 et

204 535 303 567 viginti
324 543 409 560 anuos
429 536 525 560 natum
546 542 656 560 causam
676 543 725 568 pro
745 535 826 560 Sexto
846 535 945 561 Roscio
966 535 1076 561 dixisse.
1188 543 1212 561 10

144 606 156 628 1
237 597 437 628 Cornelius
469 597 596 638 Nepos
630 599 660 628 et
692 609 796 629 rerum
829 599 998 629 memoriae
1031 610 1095 629 non
1128 599 1172 629 in-

170 642 304 683 diligens
333 644 364 672 et
387 642 427 672 M.
454 641 647 673 Ciceronis
675 645 712 672 ut
739 643 793 682 qui
822 643 958 673 maxime
986 643 1105 673 amicus
1130 643 1173 673 fa-

143 686 300 717 2miliaris
329 686 398 716 fuit.
446 685 551 726 Atque
579 687 605 717 is
634 688 739 717 tamen
767 687 800 717 in
828 686 1013 718 librorum
1039 687 1173 727 primo,

169 741 248 770 quos
273 731 314 761 de
339 731 417 761 vita
442 730 549 761 illius
570 731 757 770 composuit,
776 730 828 770 (fr.
844 734 862 761 1
878 731 930 767 Ρ.)
951 742 1070 762 errasse
1089 731 1172 761 vide-

169 777 233 814 tur,
266 785 337 805 cum
372 785 443 805 eum
477 775 604 814 scripsit
636 776 698 805 tres
732 776 763 805 et
793 775 907 816 viginti
935 786 1034 806 annos
1062 777 1172 805 natum
1189 788 1212 807 15

168 819 307 858 primum
336 829 463 849 causam
492 819 601 849 iudicii
624 818 744 859 publici
768 819 869 860 egisse
895 818 1089 859 Sextumque
1112 818 1173 849 Ro-

141 862 268 893 3scium
292 863 453 903 parricidii
477 874 567 893 reum
592 862 773 893 defendisse.
815 862 1031 894 Dinumeratis
1056 863 1173 903 quippe

167 907 257 937 annis
283 918 300 937 a
325 906 359 943 Q.
385 906 543 947 Caepione
568 909 599 937 et
623 906 657 943 Q.
683 906 825 947 Serrano,
852 907 966 948 quibus
991 907 1173 938 consulibus

167 953 240 981 ante
278 951 360 981 diem
394 951 524 981 tertium
556 950 666 982 Nonas
698 950 818 982 Ianuar.
848 951 888 982 M.
918 950 1047 982 Cicero
1080 953 1173 982 natus

170 997 230 1034 est,
260 995 298 1025 ad
322 995 362 1025 M.
387 995 527 1026 Tullium
552 997 583 1026 et
609 994 662 1025 Cn.
687 995 900 1035 Dolabellam,
924 996 1039 1036 quibus
1064 1006 1174 1026 consu·
1189 1008 1213 1027 ‘20

168 1039 253 1070 libus
288 1049 413 1070 causam
448 1040 603 1080 privatam
634 1050 691 1080 pro
720 1038 867 1076 Quinctio
896 1040 980 1080 apud
1007 1039 1173 1080 Aquilium

172 1082 298 1113 Gallum
324 1083 459 1114 iudicem
484 1084 577 1123 dixit,
601 1094 655 1114 sex
679 1085 710 1114 et
732 1083 845 1125 viginti
871 1084 943 1114 anni
968 1084 1172 1124 reperiuntur.

168 1127 282 1167 Neque
320 1127 451 1158 dubium
490 1130 550 1167 est,
592 1128 669 1167 quin
705 1130 777 1168 post
813 1139 944 1167 annum,
985 1139 1078 1168 quam
1116 1138 1173 1168 pro

170 1171 319 1208 Quinctio
345 1171 479 1211 dixerat,
505 1171 574 1202 Sex.
599 1171 749 1202 Roscium
773 1183 860 1202 reum
886 1172 1045 1212 parricidii
1070 1172 1174 1202 defen-

169 1215 251 1246 derit
279 1226 378 1246 annos
407 1216 469 1246 iam
499 1218 620 1256 septem
649 1218 742 1256 atque
771 1216 884 1257 viginti
910 1218 1003 1247 natus
1027 1215 1061 1246 L.
1086 1215 1212 1248 Sullam

174 1259 279 1290 Felice
302 1258 340 1290 II.
366 1259 400 1296 Q.
424 1259 552 1290 Metello
576 1259 633 1290 Pio
658 1260 849 1291 consulibus.

140 1312 154 1334 4
240 1302 278 1334 In
307 1314 368 1343 qua
394 1314 427 1334 re
450 1304 545 1334 etiam
569 1303 820 1334 Fenestellam
846 1305 898 1343 (fr.
918 1306 959 1334 17
979 1304 1029 1339 P.)
1055 1315 1173 1334 errasse

168 1347 356 1378 Pedianus
390 1347 577 1379 Asconius
610 1352 651 1387 (p.
680 1348 749 1378 XV
767 1348 906 1385 K.-Sel1.)
943 1348 1174 1387 animadvertit,

169 1391 254 1431 quod
282 1403 354 1422 eum
384 1392 544 1432 scripserit
573 1394 662 1423 sexto
691 1392 840 1423 vicesimo
869 1392 980 1423 aetatis
1010 1403 1091 1423 anno
1116 1403 1173 1432 pro

241 1490 269 1512 11
283 1496 341 1520 sqq.
363 1487 435 1513 Suet.
453 1487 483 1512 fr.
501 1491 531 1512 51
545 1496 583 1519 sq.
598 1487 627 1512 R.

238 1578 252 1600 *2
273 1575 351 1609 quia]
372 1575 405 1603 ΟΡ
429 1575 476 1608 qui
496 1586 516 1600 ω
535 1577 543 1608 Η
565 1579 594 1600 11
616 1575 734 1608 diligens
754 1578 771 1600 Z
790 1577 798 1608 Η
819 1578 850 1600 1-2
871 1575 1071 1608 familiarisque
1091 1576 1172 1609 ΝΠΗ

169 1613 200 1636 13
220 1610 325 1644 tamen]
344 1618 404 1635 cum
420 1613 436 1634 Z
451 1612 459 1643 ΙΙ
476 1614 507 1635 14
527 1619 608 1643 quem
625 1619 711 1644 comp.
730 1612 763 1636 Π
777 1613 780 1644 1
798 1611 884 1644 ipsius
900 1613 917 1635 Z
932 1612 940 1644 ΙΙ
956 1613 987 1636 16
1007 1611 1137 1645 primum]
1153 1613 1173 1639 Q

168 1645 285 1678 primam
307 1655 326 1670 ω
341 1647 349 1678 ΙΙ
366 1648 396 1670 18
417 1647 488 1678 aque
509 1647 531 1671 δ
556 1648 638 1678 atque
660 1646 733 1671 111x
747 1647 755 1678 Η
772 1648 802 1671 19
823 1646 979 1671 ianuarium
995 1648 1014 1674 Q
1034 1646 1172 1671 ianuaria-

166 1689 227 1706 rum
243 1691 262 1706 ω
279 1681 398 1706 ianuarii
413 1689 432 1706 s.
449 1681 502 1706 -ias
518 1689 533 1706 6
546 1683 554 1714 Η
570 1684 602 1706 26
618 1681 648 1706 Π.
665 1689 712 1707 om.
725 1684 776 1706 ΗΧ
791 1682 819 1706 in
830 1681 864 1714 (ΡΙ)
878 1682 910 1706 Ο1
925 1682 964 1706 hii
977 1682 1009 1706 Π
1023 1683 1026 1714 1
1044 1681 1139 1714 quinto
1150 1683 1173 1706 N

167 1716 215 1748 qui
237 1717 297 1741 Hx
321 1716 368 1749 qui
376 1717 442 1750 ΜΝ]
456 1718 475 1744 Q,
495 1724 547 1749 que
562 1719 579 1741 Z
597 1718 599 1749 Ι
617 1718 710 1749 eo(n>s.
728 1718 766 1742 sic
782 1718 836 1749 fere
851 1727 870 1741 ω
890 1718 898 1749 ΙΙ
918 1719 950 1742 29
970 1717 1141 1749 inscripserit
1155 1718 1172 1740 Z
