1291 1912
432 44 493 70 XIH
513 47 558 76 3ος
579 47 609 70 31
632 46 688 78 (293
709 48 752 77 30)
1053 46 1094 76 99

156 125 229 157 Non
265 125 367 157 solum
401 128 506 157 autem
540 127 573 157 in
604 126 769 158 hominum
804 127 1004 168 corporibus,
1041 127 1121 159 sed4

90 171 183 202 etiam
215 171 245 201 in
274 181 377 201 rerum
405 171 645 211 cuiusquemodi
669 172 801 202 aliarum
828 172 945 202 ‘facies'
971 172 1094 202 dicitur.

90 214 170 246 Nam
205 215 322 245 montis
355 218 386 246 et
419 216 497 246 caeli
530 218 561 246 et
593 217 687 247 maris
716 216 821 255 facies,
854 217 879 246 si
908 217 1095 257 tempestive

90 259 224 298 dicatur,
267 259 365 299 probe
407 260 528 291 dicitur.
591 259 767 291 Sallustii
810 260 904 291 verba
946 263 1020 291 sunt
1056 270 1120 292 θεῖ»

62 317 74 335 ε,
90 304 252 334 historia
272 304 433 334 secunda
452 305 504 343 (fr.
522 304 597 335 112
612 304 688 338 Mn
711 304 886 336 Sardinia
905 305 942 336 in
962 304 1093 336 Africo

88 348 180 379 mari
214 349 311 379 faeie
340 349 495 390 vestigii
524 348 677 380 humani
705 349 743 380 in
771 350 956 380 orientem
985 360 1094 390 quam

88 393 123 423 in
158 392 391 423 occidentem
424 393 542 423 latior
570 393 766 433 prominet.
818 393 899 425 Eece
928 396 1032 425 autem
1062 394 1120 425 ide

87 448 214 477 quoque
249 437 281 467 iu
315 440 452 468 mentem
486 438 586 476 venit,
624 438 708 478 quod
741 438 835 469 etiam
870 438 1028 469 Plautus
1061 439 1093 469 in

88 481 255 512 Poenulo
274 481 409 512 faeiem
430 492 487 522 pro
507 482 607 513 totius
628 483 768 523 corporis
789 483 967 523 colorisque
982 483 1094 514 habitu

49 539 73 558 ιο
88 525 176 556 dixit.
225 525 328 556 Verba
353 525 479 557 Plauti
504 526 581 557 haec
606 529 679 558 sunt
702 528 863 569 ('v.1111):

46 779 70 798 15

43 1048 69 1066 20

45 1293 69 1312 25

131 589 186 618 set
211 588 334 618 earum
360 588 488 619 nutrix
514 589 584 628 qua
609 589 659 620 sit
683 588 793 628 faeie,
817 589 865 620 mi
888 588 1030 630 expedi.
1052 608 1092 611 —

130 634 276 663 statura
300 643 372 662 non
397 643 543 674 magna,
567 643 724 673 corpore
748 633 1094 674 aquilost.—1'psa

668 680 754 709 east.
784 696 820 700 —

130 720 255 761 specie
279 723 450 761 venusta,
475 732 536 752 ore
556 724 668 762 atque
688 722 808 753 oculis
829 722 1030 764 pernigris.
1051 741 1094 745 —

129 765 287 796 formam
308 766 456 807 quidem
478 766 605 797 hercle
625 765 750 798 verbis
770 767 949 807 depinxti
963 767 1092 808 probe!

86 826 251 858 Praeterea
280 828 409 859 memini
434 827 725 870 Quadrigarium
752 829 785 859 in
808 829 1118 861 undevicesimo7

86 873 191 911 (staffili
203 871 255 912 P.)
275 872 409 903 faciem
430 884 487 913 pro
508 875 628 904 statura
647 873 809 914 totiusque
829 874 970 914 corporis
990 874 1092 915 figura

86 916 209 947 dixisse.

165 1038 236 1070 Quid
257 1039 291 1065 sit
312 1039 339 1065 in
361 1041 454 1065 satura
474 1040 509 1065 M.
531 1039 662 1066 Varronis
683 1041 823 1066 ‘caninum
843 1041 1012 1074 prandium'.

149 1102 314 1134 Laudabat
333 1104 579 1144 venditabatque
600 1115 631 1134 se
651 1115 752 1145 nuper
771 1105 928 1145 quispiam
949 1105 982 1136 in
996 1105 1090 1136 libra-
1103 1114 1116 1136 1

84 1147 130 1178 ria
153 1147 263 1178 sedens
287 1147 383 1179 homo
408 1148 514 1188 inepte
534 1149 701 1190 gloriosus,
725 1152 887 1189 tamquam
907 1160 988 1180 unus
1009 1152 1091 1181 esset

84 1191 117 1222 in
149 1192 235 1223 omni
268 1193 354 1223 caelo
389 1195 600 1223 saturarum
633 1193 674 1224 M.
704 1193 887 1224 Varronis
920 1196 1091 1234 enarrator,

85 1246 162 1275 quas
186 1237 300 1276 partim
322 1236 496 1277 Cynicas,
520 1238 574 1268 aljj
594 1237 812 1278 Menippeas
834 1239 1005 1278 appellant.
1048 1238 1091 1269 Et

85 1280 218 1311 iaciebat
237 1281 309 1312 inde
329 1282 483 1321 quaedam
503 1292 568 1312 non
587 1281 757 1313 admodum
777 1282 929 1322 difficilia,
953 1283 992 1313 ad
1010 1294 1090 1323 quae

85 1325 266 1356 conicienda
303 1326 463 1366 adspirare
501 1337 593 1366 posse
628 1327 787 1357 neminem
820 1327 952 1358 dicebat.
1008 1327 1089 1358 Tum
1101 1336 1115 1358 2

83 1368 165 1399 forte
194 1380 252 1411 ego
281 1381 351 1401 eum
380 1370 497 1401 librum
527 1382 565 1401 ex
591 1370 690 1402 isdem
715 1371 828 1402 saturis
852 1371 1006 1411 ferebam,
1035 1372 1089 1412 qui

155 1468 169 1489 3
190 1464 261 1491 Serv.
278 1466 308 1491 A.
324 1465 349 1491 V
364 1468 414 1492 768
434 1466 471 1492 VI
487 1469 537 1492 560
644 1470 659 1492 5
678 1467 741 1492 Isid.
758 1467 820 1493 XIV
836 1470 860 1499 6,
876 1470 922 1500 393
944 1470 966 1499 7,
984 1471 996 1493 1
1018 1467 1087 1493 Plin.

82 1500 119 1525 ΠΙ
136 1503 158 1532 Τ,
175 1503 207 1525 85
228 1500 307 1527 Mart.
324 1501 388 1535 cap.
404 1501 441 1527 VT
456 1505 506 1527 645
616 1505 647 1528 24
667 1502 691 1528 Π
708 1506 748 1535 18,
765 1505 778 1528 7

153 1593 167 1615 6
191 1590 277 1616 occid.
302 1599 326 1623 q.
352 1590 380 1616 in
401 1591 535 1617 orientem
555 1591 628 1617 Non.
652 1593 660 1624 ΙΙ
685 1593 698 1616 'I
724 1591 751 1616 in
775 1599 824 1618 om.
845 1593 867 1618 δ
890 1594 898 1625 ΙΙ
924 1595 952 1617 11
978 1592 1047 1618 mihi
1067 1602 1088 1618 ω

81 1625 153 1651 Non.
170 1627 178 1658 Η
195 1629 226 1651 12
246 1634 301 1652 non
320 1634 368 1653 om.
386 1627 430 1652 Π1
448 1627 545 1659 hau(d)
560 1627 652 1653 Plaut.
671 1628 674 1661 ἶ
691 1627 785 1660 aquilo
805 1628 879 1654 codd.
895 1628 987 1654 Plaut.
1010 1628 1087 1661 aqui-

80 1661 138 1686 lino
162 1662 234 1687 Non.
254 1663 257 1695 Ι
274 1662 336 1694 ipsa
361 1663 423 1695 (e)st
447 1672 466 1687 ω
491 1663 563 1688 Non.
589 1664 597 1695 Η
622 1665 653 1688 14
682 1664 828 1689 uenustast
854 1663 1061 1690 CFWMeceller
1083 1663 1085 1696 Ι

81 1696 156 1723 crine
176 1697 231 1723 Btz.
247 1699 255 1730 Η
272 1700 302 1723 15
327 1697 454 1730 depinxit
473 1708 492 1723 ω
508 1700 516 1731 η
532 1701 564 1723 16
587 1697 734 1724 undecimo
753 1700 841 1731 21122
861 1699 972 1732 ineptus
992 1700 1023 1730 ὅ,
1042 1699 1088 1724 sed

80 1732 122 1758 ml.
138 1733 230 1759 Plaut.
249 1733 330 1759 Most.
346 1735 398 1759 495
415 1736 419 1767 l
435 1736 453 1760 t.
474 1733 503 1759 in
522 1742 608 1759 unum
627 1734 648 1760 ό·
662 1736 671 1766 Η
686 1736 718 1759 ’25
739 1736 822 1767 atque
842 1734 953 1760 (9·0117ι

897 1790 902 1803 ⁴
914 1779 926 1791 *
