1291 1912
520 86 568 112 xx
590 90 602 112 1
1002 86 1064 118 287

57 168 169 207 cauda,
202 179 322 208 poenae
356 171 461 199 tamen
495 168 712 199 huiuscemodi
746 168 841 199 nimis
875 169 970 199 durae
999 179 1066 200 esse

57 213 142 243 visae
162 215 248 252 sunt3
268 223 379 253 passus
399 213 482 244 enim
503 215 551 244 est
569 213 655 254 leges
675 213 751 243 istas
771 212 808 244 de
826 215 890 244 tani
906 213 1066 245 inmodico

57 256 215 298 supplicio
244 257 305 287 situ
335 260 430 297 atque
455 258 542 288 senio
567 258 674 288 emori.
722 256 811 288 Sicut
835 258 914 289 illud
939 268 1066 298 quoque
1078 271 1108 294 11

57 300 273 332 inhumaniter
296 302 449 342 scriptum
474 302 708 342 improbitavit‚
737 302 835 342 quod,
861 303 886 333 si
911 302 1007 333 homo
1032 303 1065 333 in

57 346 106 376 ius
135 348 266 376 vocatus
293 346 405 376 morbo
434 349 489 377 aut
517 349 619 377 aetate
643 357 736 387 aeger
760 347 799 377 ad
824 346 1064 388 ingrediendum

57 390 215 421 invalidus
243 393 304 429 est,
332 401 438 421 arcera
467 402 531 422 non
561 391 724 431 sternitur,
753 390 807 422 sed
834 391 902 432 ipse
925 392 1067 422 aufertur

56 437 87 466 et
108 435 251 465 iumento
271 435 447 476 imponitur
466 438 560 476 atque
580 446 619 466 ex
638 435 733 466 domo
753 446 809 466 sua
828 435 867 467 ad
888 438 1064 477 praetorem

56 479 88 510 in
118 479 282 510 comitium
311 490 394 510 nova
421 480 542 510 funeris
566 480 646 511 facie
671 480 806 511 effertur.
855 480 955 517 Quam
981 481 1064 511 enim

57 523 97 554 ob
128 533 255 555 causam
285 524 396 554 morbo
426 524 567 555 adfectus
597 527 628 555 et
657 524 695 556 ad
723 525 978 565 respondendum
1008 536 1065 565 pro

56 578 124 599 sese
149 579 213 599 non
238 568 369 599 idoneus
394 569 535 600 iumento
560 568 733 600 adhaerens
758 569 790 600 in
814 570 863 600 ius
887 570 1065 601 adversario

56 612 263 653 deportatur?
309 612 401 650 Quod
430 624 503 644 vero
533 613 598 644 dixi
628 614 726 644 videri
751 614 904 654 quaedam
930 625 996 645 esse
1020 615 1065 645 in·
1078 626 1108 649 1⁵2

56 657 171 697 pendio
197 657 352 697 molliora,
376 668 480 689 nonne
504 658 563 688 tibi
588 669 716 699 quoque
740 658 864 689 videtur
883 659 977 689 nimis
997 669 1064 689 esse

56 701 205 739 dilutum,
234 702 319 742 quod
347 702 392 733 ita
421 702 458 733 de
487 703 603 733 iniuria
630 703 806 743 poenienda
835 703 987 743 scriptum
1018 706 1065 734 est

55 745 227 785 (VJJI4):
253 745 290 777 Si
311 747 489 777 iniuriam
510 747 623 778 alteri
643 747 773 787 faxsit,
794 748 936 789 viginti
956 748 1064 787 quin-

56 801 126 831 que
150 791 248 821 aeris
273 801 415 832 poenae
435 794 555 822 sunto.
598 791 675 828 Quis
695 792 779 822 enim
799 792 858 823 erit
876 794 942 823 tam
963 792 1064 833 inops,

56 845 150 875 quem
184 835 224 865 ab
257 836 390 866 iniuriae
423 836 584 867 faciendae
617 836 749 867 libidine
782 836 896 878 viginti
924 837 1065 877 quinque

55 889 140 910 asses
165 879 364 911 deterreant?
406 879 519 920 Itaque
541 891 612 911 cum
633 892 701 911 eain
721 880 825 922 legem
845 880 965 912 Labeo
986 892 1061 922 quo-
1075 892 1106 916 13

56 935 117 964 que
146 927 250 954 vester
277 925 310 955 in
339 925 464 964 libris,
494 936 587 965 quos
615 925 659 956 ad
687 925 883 956 duodecim
912 925 1062 956 tabulas

55 969 289 1009 conseripsit
312 971 365 1008 (fr.
385 972 426 1000 25
442 970 483 1000 H.
504 969 619 1009 3Br.)‚
643 980 707 1000 non
731 970 892 1010 probaret:
917 970 994 998 ‘nra'
1019 970 1064 1001 in-

55 1013 125 1053 quit
155 1012 199 1044 ‘L.
226 1012 373 1044 Veratius
405 1014 467 1044 fuit
500 1015 626 1055 egregie
659 1014 755 1045 homo
787 1014 940 1055 inprobus
968 1017 1063 1054 atque

54 1057 175 1088 inmani
200 1058 354 1089 vecordia.
397 1058 426 1089 Is
451 1070 508 1099 pro
534 1059 763 1090 delectamento
788 1059 926 1090 habebat
950 1070 984 1089 os
1010 1059 1063 1090 ho-

55 1102 149 1132 minis
174 1102 265 1133 liberi
286 1114 397 1133 manus
418 1114 492 1134 suae
512 1104 618 1144 palma
637 1103 808 1134 verberare.
851 1103 934 1134 Eum
955 1115 1063 1135 servus

55 1146 246 1186 sequebatur
270 1147 373 1178 ferens
397 1158 580 1179 crumenam
600 1147 725 1188 plenam
746 1148 878 1187 assium3
901 1150 938 1178 ut
956 1158 1062 1188 quem—

54 1201 115 1230 que
136 1190 380 1232 depalmaverat,
399 1192 559 1222 numerari
579 1192 686 1222 statim
706 1192 879 1223 secundum
897 1192 1061 1223 duodecim

54 1234 179 1266 tabulas
209 1236 348 1277 quinque
378 1239 409 1267 et
436 1237 551 1277 viginti
580 1247 665 1267 asses
694 1236 831 1268 iubebat.
878 1236 1061 1277 Propterea’

54 1279 160 1319 inquit
183 1280 281 1319 (FIR
296 1282 422 1321 12204)
448 1281 621 1321 ‘praetores
644 1283 755 1322 postea
778 1281 859 1312 hane
883 1281 1063 1313 abolescere

54 1325 86 1354 et
111 1324 249 1365 relinqui
273 1328 463 1356 censuerunt
486 1325 675 1365 iniuriisque
698 1325 912 1356 aestumandis
936 1336 1063 1367 recupe-

53 1370 173 1399 ratores
198 1379 230 1400 se
255 1369 383 1400 daturos
408 1370 581 1400 edixerunt.
624 1369 788 1401 Nonnulla
812 1372 917 1401 autem
942 1371 974 1401 in
995 1371 1062 1401 istis
1075 1381 1107 1403 14

127 1478 157 1500 14
178 1475 221 1500 Ad
242 1475 367 1509 singulas
387 1475 462 1508 leges
482 1474 525 1500 vd.
542 1475 630 1500 Bruns

124 1567 140 1589 4
164 1572 218 1589 non
243 1564 402 1590 humaniter
420 1566 521 1589 NOXZ
538 1567 541 1592 Ι
559 1563 729 1597 improbauit
747 1573 766 1598 γ
784 1566 792 1597 Η
812 1567 826 1589 5
851 1565 945 1590 morbo
970 1565 1061 1591 adfec-

52 1600 96 1624 tus
117 1602 134 1624 0
153 1600 155 1632 Ι
173 1599 372 1633 egrediendum
391 1600 422 1624 Ζι
441 1601 449 1631 Η
469 1602 483 1624 S
509 1598 623 1624 affertur
642 1602 662 1628 Q
680 1601 689 1632 ΙΙ
710 1602 740 1625 13
761 1599 927 1626 dissolutum
949 1601 1040 1627 Vassis
1053 1602 1061 1634 ἢ

54 1637 85 1659 14
105 1634 208 1660 iniuria
223 1645 244 1660 ω
259 1637 266 1668 Ι]
284 1639 314 1660 15
335 1635 407 1660 aeris
424 1635 473 1661 del.
490 1635 618 1661 Pithoeus
635 1637 637 1667 Ι
654 1635 752 1668 poinas
770 1636 810 1661 ΠΙ.
828 1636 920 1668 Bre'al,
941 1637 1062 1663 me‘moire

52 1670 83 1696 de
106 1670 132 1696 Ia
151 1670 205 1702 fac.
226 1671 258 1696 de
278 1672 342 1704 Iinq.
363 1671 394 1696 de
413 1671 497 1696 Paris
518 1671 543 1695 V
555 1672 619 1702 229,
642 1671 690 1702 cfr.
712 1671 784 1697 Fest.
805 1673 865 1703 371,
885 1674 901 1697 5
918 1674 921 1704 Ι
938 1674 998 1698 erat
1017 1674 1039 1698 ό
1054 1674 1062 1705 il

0 1723 2 1727 v
54 1707 84 1730 17
106 1705 198 1732 Labeo
218 1715 243 1739 q.
261 1706 386 1732 Huschke
407 1714 468 1731 eum
487 1705 568 1731 labeo
588 1714 612 1738 q.
630 1706 704 1732 «sno
724 1715 785 1731 cum
806 1708 875 1739 itum
892 1708 936 1738 Π)
951 1716 1060 1740 quoque

0 1758 2 1763 ·
51 1739 132 1767 labeo
155 1742 214 1767 ΠΧ
235 1741 270 1766 ΜΔ
292 1741 384 1767 Labeo
404 1751 429 1775 q.
447 1741 577 1768 W'eichert
592 1743 600 1774 ΙΙ
615 1744 646 1767 19
668 1741 786 1773 Quidam
806 1743 869 1768 add.
887 1743 991 1770 Part-iv.
1011 1744 1062 1769 alit

51 1777 109 1802 alia
124 1779 132 1810 ΙΙ
148 1780 180 1802 23
201 1776 291 1803 ferens
306 1786 354 1803 0111.
371 1786 390 1810 γ
406 1778 410 1811 J
427 1778 455 1803 et
474 1784 667 1810 quemcunque
680 1786 699 1811 γ
