1291 1912
71 316 82 336 ⁵

57 537 81 558 1⁰

55 760 80 779 15

55 981 80 1000 20

552 43 615 69 XVI
634 46 649 68 4
1044 42 1107 74 163

96 126 276 157 mundulo
318 125 614 165 hominibusque
651 124 924 155 Hermundulis
965 124 1106 155 bellum

96 171 178 202 dico
203 170 399 210 facioque’

161 213 242 246 Item
276 215 309 245 in
342 214 442 245 libro
476 214 615 245 eiusdem
645 212 769 244 Cincii
803 213 844 244 de
877 224 915 244 re
946 213 1132 244 militari-2

97 259 229 301 quinto
258 259 303 290 ita
331 259 485 299 scriptum
515 260 563 289 est
586 259 640 298 (fr.
660 261 700 289 13
719 258 760 288 H.
780 260 803 288 ,2
822 257 906 298 Bm:
937 256 1024 288 Cum
1054 258 1106 288 di-

96 305 217 336 lectus
242 303 459 344 antiquitus
478 303 593 334 fieret
613 305 648 334 et
668 303 812 333 milites
833 302 1107 342 scriberentur,

96 347 358 380 iusiurandum
385 358 446 378 eos
468 347 649 378 tribunus
670 347 851 378 militaris
871 347 1050 388 adigebat
1069 347 1106 377 in

96 393 208 424 verba
240 392 331 423 haee
366 392 631 433 [Magistratus
665 391 807 432 verba]:
841 391 885 422 ‘G
917 391 1040 422 Laelii
1073 390 1106 422 C.

94 438 156 468 fili
180 437 351 469 consulis
371 436 404 467 L.
426 435 596 468 Cornelii
621 436 654 466 P.
675 436 735 467 fili
757 436 927 467 consulis
948 436 985 466 in
1004 446 1106 466 exer-

95 483 173 514 citu
211 482 413 521 decemque
451 481 557 511 milia
596 491 772 521 passuum
811 491 928 521 prope
962 480 1105 511 furtum

95 537 168 558 non
191 526 310 558 facies
335 525 421 557 dolo
444 526 541 556 malo
562 525 667 556 solus
687 536 807 565 neque
827 536 909 556 cum
929 525 1106 565 pluribus

94 571 217 612 pluris
241 571 382 601 nummi
406 570 579 611 argentei
604 570 641 600 in
666 570 745 600 dies
770 570 958 611 singulos;
982 571 1105 600 extra-

95 626 164 656 que
202 615 362 655 hastam,
403 615 557 653 hastile,
594 615 716 655 ligna,
754 624 875 654 poma,
912 614 1106 654 pabulum,

94 662 228 698 utrem,
261 659 408 699 follemy
441 659 604 690 faculam
638 659 669 690 si
703 658 793 699 quid
826 658 879 689 ibi
913 659 1105 689 inveneris

95 705 362 743 sustulerisve,
392 703 490 744 quod
518 706 622 734 tuum
647 714 721 734 non
745 703 831 743 erit,
860 703 957 743 quod
982 703 1105 743 pluris

94 749 235 780 nummi
267 749 440 789 argentei
469 748 555 787 erit,
588 748 645 778 uti
673 750 712 778 tu
741 747 784 778 ad
814 746 846 778 C.
872 747 1043 778 Laelium
1073 746 1104 777 C.

94 794 221 825 filium
246 793 439 824 consulem
459 792 665 823 Luciumve
686 792 903 823 Cornelium
924 791 957 822 P.
977 791 1104 822 filium

95 837 287 869 consulem
326 838 404 868 sive
440 848 545 877 quem
581 837 623 867 ad
657 839 740 867 uter
772 847 899 867 eorum
934 836 1105 876 iusserit,

95 883 265 923 proferes
303 884 368 913 aut
404 881 640 922 profitebere
678 881 715 912 in
752 881 879 911 triduo
916 881 1104 921 proximo,

95 926 281 967 quidquid
304 926 496 957 inveneris
522 926 774 956 sustulerisve
794 926 881 956 dolo
903 924 1015 965 malo,
1039 927 1104 956 aut

95 971 245 1002 domino
266 981 346 1009 suo,
370 971 493 1002 cuium
514 971 550 1000 id
570 970 743 1001 censebis
763 980 858 1010 esse,
881 969 1028 1009 reddes,
1047 970 1104 1000 uti

95 1016 194 1057 quod
218 1018 361 1046 rectum
385 1015 527 1046 factum
553 1025 634 1045 esse
657 1015 782 1045 voles?

159 1060 352 1091 Militibus
376 1062 500 1090 autem
526 1059 682 1099 scriptis
707 1059 786 1090 dies
806 1058 1129 1099 praefinibatur,3

95 1115 166 1145 quo
182 1105 240 1135 die
255 1105 431 1135 adessent
446 1106 482 1135 et
497 1104 634 1134 citanti
651 1103 800 1134 consuli
814 1103 1103 1143 responderent3

95 1149 228 1180 deinde
248 1148 540 1189 concipiebatur
559 1148 835 1187 iusiurandum,
852 1150 893 1178 ut
912 1147 1128 1187 adessent,4

56 1203 78 1222 ε’
95 1192 153 1224 his
185 1193 326 1224 additis
359 1192 666 1233 exceptionibus:
701 1192 787 1222 ‘nisi
814 1192 981 1223 harunce
1009 1202 1103 1232 quae

96 1247 206 1268 causa
234 1238 319 1268 erit:
348 1237 460 1268 funus
489 1237 680 1267 familiare
706 1237 872 1267 feriaeve
896 1236 1102 1276 denicales,

96 1292 189 1322 quae
216 1292 290 1312 non
318 1282 397 1312 eius
426 1282 479 1312 rei
504 1292 615 1312 causa
640 1281 677 1311 in
701 1292 781 1312 eum
807 1281 902 1311 diem
927 1281 1102 1312 conlatae

96 1326 186 1365 sint,
223 1337 294 1367 quo
327 1327 357 1357 is
391 1337 431 1356 eo
465 1326 523 1356 die
557 1326 679 1356 minus
712 1325 766 1356 ibi
799 1327 912 1365 esset,
949 1325 1101 1356 morbus

96 1371 267 1401 sonticus
290 1371 563 1411 auspiciumve,
592 1370 690 1410 quod
714 1370 795 1401 sine
819 1370 971 1410 piaculo
996 1381 1101 1410 prae-

166 1487 180 1509 *2
200 1484 293 1510 indico
308 1492 322 1509 σ
337 1485 345 1516 ΙΙ
360 1486 374 1509 6
395 1484 509 1510 adiebat
525 1485 585 1509 Hx
599 1486 607 1516 Η
623 1486 636 1509 7
655 1483 823 1517 Magistratu
838 1485 904 1514 (-tus
920 1483 963 1513 0²)
977 1483 1063 1509 uerba
1078 1484 1100 1510 δ

94 1519 124 1545 Iu
148 1520 314 1553 magistratu
337 1520 422 1545 uerba
442 1523 489 1545 ΟΧ
517 1519 547 1544 Iu
572 1519 739 1553 magistratu
757 1520 821 1544 ΝΠ
838 1519 886 1544 del.
908 1520 992 1545 Hertz
1014 1524 1098 1552 (quem

94 1556 142 1587 cfr.
159 1556 194 1581 ΙΙ
203 1564 231 1588 p.
248 1555 330 1587 XCI)
345 1557 353 1588 11
369 1558 400 1580 10
416 1555 548 1590 (neque)
564 1555 638 1580 solus
654 1555 779 1581 Huschke
793 1556 801 1588 ll
817 1558 848 1580 12
864 1554 1064 1588 pompabulmn
1079 1565 1099 1580 ω

94 1599 161 1617 corr.
178 1591 249 1616 Lien
266 1594 290 1616 et
304 1591 418 1623 Lipsius
437 1592 570 1624 (pomum)
585 1592 593 1623 U
609 1594 640 1617 15
660 1591 713 1625 uti]
734 1592 783 1616 aut
802 1591 873 1617 Boot
887 1591 895 1623 11
912 1593 942 1615 17
962 1590 1035 1625 uter]
1053 1593 1100 1615 ΤΥ

93 1628 186 1652 utrum
201 1637 222 1652 ω
242 1626 375 1652 alteruter
389 1626 539 1652 Seriverius
556 1628 558 1659 1
575 1627 618 1651 ius
638 1626 691 1651 erit
709 1635 724 1654 ς
739 1627 747 1659 11
764 1628 795 1652 18
815 1626 935 1659 perferes
951 1626 1078 1652 Huschke
1092 1634 1093 1642 ¹

95 1664 127 1687 19
143 1662 286 1695 quodquid
298 1672 317 1687 ω
330 1664 450 1688 reete'l'Y
465 1670 550 1694 quum
566 1661 633 1694 quid
644 1662 769 1688 Huschke
786 1664 789 1695 Ι
807 1662 869 1687 (1010
881 1662 944 1687 Alcl.
959 1661 988 1687 in
1004 1661 1067 1687 dolo
1079 1672 1098 1687 ω

94 1697 153 1723 sine
165 1697 189 1723 d.
203 1698 299 1723 Carrio
314 1700 322 1730 11
337 1700 370 1722 20
385 1705 443 1723 esse
454 1706 504 1723 om.
517 1698 589 1725 <2¹11
602 1700 610 1731 ΙΙ
625 1700 655 1722 21
668 1699 742 1723 recte
753 1697 851 1723 0²11x
866 1699 874 1730 Η
889 1700 920 1722 ‘22
933 1697 1044 1730 scripsit
1055 1698 1077 1723 δ
1094 1727 1096 1731 .

93 1733 310 1766 praefiniebatur
319 1742 338 1766 γ
351 1734 360 1766 Η
375 1735 407 1758 23
423 1733 502 1759 citati
514 1741 528 1760 ς
543 1734 552 1766 ΙΙ
567 1735 599 1758 24
615 1732 715 1759 deinde
726 1733 766 1758 ita
775 1742 794 1767 γ
808 1734 816 1766 ΙΙ
831 1736 864 1758 26
875 1732 1067 1766 deinie<hiales
1078 1743 1098 1759 ω
