1266 1902
195 62 257 93 208
607 63 683 89 XVII
702 67 729 95 9;
751 67 782 89 10

193 154 304 185 aegros
328 144 458 174 habenti
482 144 631 184 capillum
656 156 694 175 ex
718 145 820 185 capite
844 146 930 176 omni
951 148 1113 186 tamquam
1133 156 1195 176 me-

193 188 285 219 dendi
314 189 415 229 gratia
444 188 565 219 deradit
594 191 751 229 caputque
779 189 847 219 eius
870 189 938 220 leve
962 190 994 220 in
1018 191 1194 220 litterarum

149 241 181 263 23
193 232 310 262 formas
344 233 527 273 conpungit.
578 232 637 263 His
670 233 798 272 fitteris,
830 243 909 273 quae
941 234 1096 273 voluerat,
1129 244 1197 274 per-

193 276 331 316 scripsit,
361 276 523 307 hominem
551 279 674 317 postea,
703 277 807 317 quoad
835 278 967 317 capillus
995 279 1195 318 adolesceret,

148 329 181 351 ‘24
193 320 286 351 domo
307 320 472 351 continuit.
515 320 579 351 Vbi
598 321 629 351 id
648 321 767 352 factum
787 323 842 361 est,
865 322 910 352 ire
929 322 968 352 ad
987 321 1196 363 Aristagoran
1224 335 1234 354 5

148 374 180 395 *25
193 364 280 395 iubet
305 366 347 394 et:
378 365 460 395 ‘cum
485 365 523 395 ad
547 365 630 395 eum’
656 366 759 405 inquit
784 365 930 405 ‘veneris‚
958 367 1121 397 mandasse
1145 377 1195 397 me

192 408 302 448 dicito,
330 411 366 439 ut
390 410 485 449 caput
508 411 612 449 tuum,
637 410 718 440 sicut
740 420 841 450 nuper
864 412 990 451 egomet
1012 411 1086 450 feci,
1110 410 1195 440 dera-

148 462 180 484 -211
193 452 265 483 dat’.
310 451 433 493 Servus,
457 455 493 483 ut
517 454 706 493 imperatum
726 456 801 493 erat,
825 454 863 484 ad
882 454 1090 495 Aristagoran
1109 455 1195 485 venit

148 506 180 528 27
193 497 439 537 mandatumque
467 497 587 528 domini
616 498 724 528 adfert.
770 497 876 538 Atque
904 498 958 529 ille
986 499 1018 528 id
1040 509 1105 529 non
1129 509 1195 529 esse

192 541 309 571 frustra
333 543 432 581 ratus,
457 541 541 581 quod
566 544 632 572 erat
656 542 847 581 mandatum,
870 542 954 573 fecit.
999 542 1048 573 Ita
1071 543 1195 573 litterae
1211 556 1235 575 ιο

193 585 330 625 perlatae
355 587 435 616 sunt.

680 638 709 669 X

192 697 265 728 Quid
293 697 327 723 de
355 698 477 724 versibus
503 698 621 731 Vergilii
645 699 794 724 Favorinus
823 699 1008 731 existumarit,
1037 699 1137 733 quibus
1166 699 1195 725 in

227 733 409 759 describenda,
432 733 580 767 flagrantia
603 735 705 760 montis
724 735 829 760 Aetnae
849 734 999 760 Pindarum
1022 735 1134 768 poetam
1154 743 1193 761 se-

227 770 306 794 cutus
331 770 384 800 est;
409 769 574 803 conlataque
599 770 634 794 ab
657 778 687 795 eo
708 777 789 803 super
808 770 905 795 eadem
924 778 952 795 re
971 770 1116 803 utriusque
1136 778 1193 796 car·
1210 778 1234 797 15
1263 781 1266 797 :

226 804 302 829 mina
322 806 349 829 et
369 804 531 830 diiudicata

167 877 179 899 1
259 866 484 898 Favorinum
522 868 762 908 philosophum,
799 879 869 899 cum
909 869 941 898 in
978 869 1112 909 hospitis
1146 869 1194 899 sui

193 910 355 942 Antiatem
393 912 501 942 villam
538 914 626 943 aestu
659 913 733 943 anni
766 913 971 943 concessisset
1003 923 1123 953 nosque
1156 913 1194 943 ad

192 966 263 985 eum
287 956 456 986 videndum
481 956 582 987 Roma
607 957 812 995 venissemus,
838 957 968 987 memini
992 968 1086 997 super
1109 956 1194 987 Pin-

192 999 279 1029 daro
308 1002 402 1040 poeta
431 1002 461 1031 et
487 1000 659 1041 Vergilio
688 1001 721 1031 in
748 982 832 1031 hurle
859 1001 957 1031 ferme
981 1001 1109 1031 modum
1134 1001 1232 1033 dis-20
1263 1003 1265 1017 ³

165 1054 180 1076 2
193 1054 305 1074 serere:
331 1043 457 1075 ‘Amici'
483 1045 587 1084 inquit
611 1045 855 1085 ‘familiaresque
874 1044 907 1075 P.
928 1044 1062 1086 Vergilii
1084 1045 1114 1075 in
1135 1045 1193 1085 his,

192 1099 272 1127 quae
292 1088 328 1118 de
347 1089 475 1129 ingenio
496 1089 699 1129 moribusque
719 1090 784 1120 eius
804 1089 974 1120 memoriae
988 1089 1193 1129 tradiderunt,

192 1132 293 1163 dicere
322 1143 393 1162 eum
422 1133 550 1163 solitum
580 1133 685 1164 ferunt
713 1144 821 1173 parere
849 1144 881 1163 se
908 1144 1014 1164 versus
1039 1143 1125 1164 more
1149 1136 1192 1164 at-

166 1185 253 1215 3que
281 1177 344 1206 ritu
373 1177 489 1207 ursino.
535 1176 681 1217 Namque
705 1179 740 1207 ut
763 1178 817 1207 illa
842 1178 941 1208 bestia
964 1178 1063 1208 fetum
1089 1178 1193 1208 ederet

191 1220 401 1261 ineffigiatum
422 1221 652 1261 informemque
672 1221 902 1261 lambendoque
921 1222 953 1252 id
972 1224 1089 1262 postea,
1109 1222 1193 1262 quod
1208 1235 1226 1254 11
1261 1241 1264 1256 ·,

192 1265 235 1294 ita
264 1265 425 1304 edidisset,
455 1266 665 1296 conformaret
691 1267 721 1296 et
744 1266 889 1306 fingeret,
919 1266 1049 1306 proinde
1073 1265 1192 1307 ingenii

192 1319 317 1349 quoque
351 1309 398 1339 sui
429 1312 538 1349 partus
566 1311 704 1340 recentes
733 1310 802 1340 rudi
831 1321 898 1340 esse
925 1310 1005 1340 facie
1033 1311 1064 1340 et
1091 1310 1193 1350 inper-

191 1352 285 1389 fecta,
319 1353 372 1383 sed
405 1353 551 1394 deinceps
585 1354 747 1384 tractando
776 1354 970 1394 colendoque
998 1354 1126 1384 reddere
1154 1354 1192 1384 iis

165 1406 224 1428 4se
253 1397 315 1427 oris
344 1399 375 1427 et
401 1397 507 1428 vultus
530 1398 722 1429 liniamenta.
768 1397 838 1428 Hoc
862 1398 964 1428 virum
989 1398 1097 1429 iudicii
1121 1397 1191 1428 sub-

262 1487 292 1508 21
306 1493 363 1517 sqq.
389 1484 488 1510 Donat.
508 1485 555 1510 vit.
571 1484 652 1518 Verg.
673 1493 698 1517 p.
714 1487 746 1509 59
757 1484 788 1509 R.
809 1484 919 1510 Hieron.
934 1485 962 1510 in
978 1484 1090 1510 Zachar.
1106 1484 1143 1509 ΙΠ
1160 1487 1189 1509 11
1222 1434 1226 1509 i

189 1519 264 1569 «inim
285 1527 326 1552 ep.
343 1519 378 1544 ad
394 1519 452 1544 Gal.
468 1519 505 1544 m
521 1523 535 1544 ε,
1220 1511 1224 1569 ff

262 1601 276 1623 3
301 1598 408 1624 litteras
433 1600 455 1624 δ
472 1599 602 1632 {scripsit
622 1598 689 1624 ΠΖ2
711 1599 873 1632 perstringit
897 1599 942 1624 uel
965 1598 1125 1632 perscripsit
1149 1601 1169 1627 Q
1183 1598 1192 1633 Η

192 1637 206 1658 4
231 1634 302 1666 quod
324 1636 342 1658 Ο
367 1634 456 1667 quead
477 1635 498 1659 δ
521 1636 529 1666 ΙΙ
554 1637 567 1658 7
593 1634 707 1660 dederat
727 1635 758 1662 αι
781 1635 790 1667 ΙΙ
815 1637 845 1659 11
870 1634 1008 1667 perlectae
1028 1634 1169 1667 Scioppius
1183 1635 1191 1667 [Ι

194 1672 224 1694 14
248 1668 353 1702 flagant
377 1677 409 1694 ac
432 1677 487 1694 non
511 1670 565 1694 tisa
590 1671 617 1694 et
636 1677 670 1694 ne
689 1670 711 1695 δ
733 1670 742 1702 Η
767 1672 798 1694 16
818 1669 1003 1695 indiiudicata
1022 1670 1044 1695 δ
1067 1669 1191 1694 iudicata

192 1705 274 1730 Hertz
289 1706 297 1737 Η
312 1707 345 1729 20
364 1704 420 1730 fere
436 1714 454 1738 y
468 1706 476 1737 Η
491 1707 522 1729 23
543 1713 588 1730 ore
604 1707 624 1732 Q
638 1706 646 1737 Η
661 1707 693 1730 25
713 1704 860 1730 lambendo
877 1707 896 1733 Q
910 1707 918 1737 ΙΙ
933 1708 965 1730 ‘28
981 1704 1131 1730 redderetis
1147 1705 1169 1730 δ
1183 1704 1192 1739 ΙΙ

191 1742 223 1764 29
243 1739 413 1765 laniamenta
428 1741 449 1765 δ
466 1740 469 1774 Ι
486 1748 581 1765 uerum
598 1750 617 1765 ω
636 1748 702 1765 corr.
719 1748 733 1765 σ
1215 1717 1219 1778 Ι
