1291 1912
83 547 107 565 10

83 832 106 851 15

84 1072 109 1090 20

548 50 584 76 XI
606 53 648 81 10:
672 53 701 76 11
1092 49 1130 80 13

122 132 242 164 omnis
275 132 426 163 fallunt.
483 131 572 171 Vos,
605 142 686 162 cum
721 131 867 172 putatis
900 142 962 162 eos
995 131 1038 161 ab
1072 130 1157 162 his5

122 177 232 208 rebus
266 179 431 208 remotos
465 188 559 217 esse,
597 176 796 217 inpertitis
830 176 964 206 bonam
998 175 1130 206 existi-

122 222 338 262 mationem3
376 221 592 263 legationes
630 222 753 251 autem
791 231 809 251 a
842 220 1012 262 regibus,
1049 228 1158 251 cume

121 268 257 307 putant
286 277 348 297 eos
378 277 443 296 sua
471 276 582 297 causa
611 265 786 301 reticere,
818 267 989 305 sumptus
1018 267 1132 305 atque

122 311 302 352 pecunias
331 310 512 341 maximas
542 310 738 351 praebent,
766 309 856 340 item
886 309 941 340 uti
969 309 1005 339 in
1030 311 1132 340 terra

122 354 292 391 Graecia,
333 365 404 395 quo
444 355 481 385 in
518 356 687 395 tempore
725 353 888 385 Graecus
926 354 1131 395 tragoedus

122 400 268 441 gloriae
288 399 362 430 sibi
382 399 543 430 ducebat
563 398 747 430 talentum
769 409 941 440 magnum
962 398 1006 429 ob
1022 409 1132 429 unam

122 444 288 475 fabulam
332 444 456 474 datum
500 454 594 483 esse,
638 443 747 474 homo
791 443 1131 483 eloquentissimus

122 489 296 519 civitatis
325 499 412 519 suae
436 488 620 519 Demades
650 488 683 518 ei
710 487 952 528 respondisse
976 488 1131 519 dicitur:

123 533 271 564 ‘Mirum
302 533 374 563 tibi
402 533 565 572 videtur,
599 533 629 563 si
658 534 697 563 tu
726 532 915 572 loquendo
945 531 1132 563 talentum

123 577 331 618 quaesisti?
369 588 451 619 ego,
488 579 528 608 ut
563 579 738 616 tacerem,
777 577 902 608 decem
935 577 1081 608 talenta
1114 587 1132 607 a

122 633 207 664 rege
231 622 380 663 accepi.'
423 621 516 652 Item
541 632 639 652 nunc
663 622 729 652 isti
754 622 877 662 pretia
901 621 1062 652 maxima
1086 621 1130 652 ob

121 667 320 698 tacendum
344 666 548 707 accipiunt.

122 825 213 886 Vegpa
228 825 259 871 P.⁷
273 824 390 858 Nigidii,
411 825 511 858 quibus
533 824 643 851 differre
663 825 732 851 dicit
750 824 884 851 ‘mentiri’
901 826 929 851 et
945 825 1132 851 ‘mendacium

177 869 248 887 icere
265 883 269 886 .

189 924 295 955 Verba
333 926 406 955 sunt
444 924 512 965 ipsa
550 925 627 955 haec
660 924 692 955 P.
726 924 889 966 Nigidii,
926 924 1066 955 hominis
1100 925 1132 955 in
1146 932 1157 954 1

124 969 237 1000 studiis
262 969 416 1000 bonarum
439 970 553 1000 artium
575 969 804 1010 praecellentis,
828 980 923 1009 quem
943 969 983 999 M.
1000 968 1132 1000 Cicero

124 1013 244 1055 ingenii
277 1013 556 1054 doctrinarumque
589 1014 718 1045 nomine
750 1025 873 1044 summe
902 1014 1057 1044 reveritus
1086 1015 1134 1044 est

123 1059 234 1098 (fr.49
250 1058 338 1093 Sw.):
368 1057 472 1089 Inter
500 1058 734 1089 mendacium
764 1058 888 1089 dicere
917 1060 953 1089 et
978 1058 1133 1089 mentiri

123 1102 248 1133 distat.
288 1102 358 1139 Qui
378 1103 575 1142 mentitur,
595 1103 674 1143 ipse
693 1113 767 1134 non
786 1102 953 1143 fallitur,
970 1103 1131 1133 alterum

123 1146 259 1178 fallere
283 1150 455 1187 conatur3
480 1148 543 1187 qui
568 1148 802 1178 mendacium
827 1147 934 1187 dicit,
958 1148 1039 1188 ipse
1061 1147 1131 1178 fal-

124 1191 225 1222 litur.
263 1190 343 1223 Item
359 1192 420 1223 hoc
436 1192 569 1223 addidit:
590 1191 660 1229 Qui
679 1192 876 1232 mentitur,
896 1192 1000 1232 inquit
1015 1192 1159 1232 fallit‚·.’.

124 1237 362 1276 quantumin
382 1248 418 1267 se
438 1239 507 1276 est3
528 1239 564 1267 at
585 1236 648 1277 qui
668 1237 903 1268 mendacium
924 1236 1032 1276 dicit,
1052 1237 1133 1277 ipse

86 1293 97 1311 ε
125 1291 198 1311 non
225 1280 344 1320 fallit,
373 1284 554 1321 quantum
582 1281 620 1312 in
643 1292 680 1312 se
703 1283 767 1312 est.
815 1280 896 1312 Item
920 1281 982 1312 hoc
1006 1288 1160 1322 quoque3

125 1335 219 1365 super
246 1325 354 1356 eadem
382 1337 416 1356 re
446 1325 534 1357 dicit:
564 1325 631 1356 Vir
659 1326 777 1356 bonus
807 1326 911 1366 inquit
939 1328 1134 1366 praestare

126 1369 248 1409 debet,
281 1381 324 1400 ne
358 1371 578 1411 mentiatur,
610 1370 789 1411 prudens,
822 1381 866 1401 ne
898 1370 1133 1401 mendacium

126 1413 239 1453 dicat3
281 1415 441 1445 alterum
480 1415 619 1446 incidit
655 1415 692 1445 in
729 1414 931 1455 hominem,
971 1415 1133 1446 alterum

198 1512 228 1535 17
241 1519 298 1544 sqq.
318 1510 388 1536 Non.
404 1510 428 1536 V
448 1520 474 1545 p.
492 1514 550 1543 441,
568 1515 597 1537 11
620 1511 660 1536 fil.
678 1510 757 1537 Reiff.
775 1514 806 1536 29
827 1511 900 1544 (Isid.
918 1510 976 1537 diff.
992 1514 1055 1540 220:
1072 1513 1133 1543 381)

198 1602 209 1624 1
225 1599 392 1632 computatis
404 1601 490 1625 OHX
503 1601 512 1633 ss
528 1603 541 1625 2
553 1600 680 1633 inperitis
692 1601 753 1626 <511
766 1602 774 1633 Η
790 1603 804 1625 3
816 1601 978 1634 computant
988 1600 1114 1626 130111x
1126 1600 1134 1634 Ι

125 1638 140 1660 5
160 1634 227 1660 item
246 1635 300 1669 uti]
318 1636 340 1661 δ
358 1635 400 1661 uti
418 1636 450 1661 ut
469 1637 510 1669 (ut
528 1644 595 1662 eras.
610 1638 644 1669 X)
663 1645 681 1670 γ
695 1638 704 1669 Η
719 1638 733 1661 6
754 1636 874 1661 Graecus
892 1644 940 1662 om.
957 1645 974 1669 γ
989 1638 997 1669 ΙΙ
1014 1639 1045 1661 12
1064 1636 1133 1661 Item

125 1672 154 1702 (s.
166 1670 241 1696 Idem
253 1680 277 1695 n.
289 1671 348 1696 isti:
365 1673 416 1704 pr.)
428 1672 541 1705 Seyffert
555 1671 631 1697 Idem
642 1682 661 1696 ω
679 1673 682 1705 1
699 1679 802 1705 magna
812 1674 829 1696 Z
844 1674 851 1704 Η
869 1674 899 1697 18
916 1672 1017 1697 artium
1028 1680 1077 1697 om.
1090 1673 1112 1698 d
1126 1672 1134 1705 i

127 1708 158 1731 19
179 1714 284 1732 summe
303 1707 431 1732 ueritatis
446 1709 465 1731 B
480 1709 488 1740 ΙΙ
504 1710 534 1732 ’21
557 1715 611 1732 non
630 1706 716 1733 falsus
732 1708 804 1733 Non.
820 1709 828 1740 l!
844 1710 875 1733 '27
897 1708 922 1732 d.
943 1709 971 1733 et
988 1716 1022 1733 ne
1038 1708 1109 1734 Non.
1126 1708 1135 1741 Η

126 1744 158 1766 ’25
179 1742 284 1768 iudicet
304 1742 331 1767 in
351 1741 463 1768 homine
477 1743 551 1769 codd.
568 1743 657 1769 Nonii
