1266 1902
169 67 231 97 110
593 67 655 93 XIV
675 70 702 99 13
722 71 737 93 ⁴3

167 148 241 179 item
266 147 470 179 Accianum
494 149 573 179 illud
597 149 712 188 (12169
727 147 806 189 R.³):

210 210 308 240 nihil
332 210 436 249 inquit
459 209 568 240 credo
588 210 809 251 auguribus,
833 210 895 249 qui
914 211 1020 240 aures
1041 209 1166 240 verbis

746 253 910 284 dsvitant

211 297 368 337 alienas,
394 308 478 328 suas
502 300 542 329 ut
565 300 654 328 auro
678 297 916 338 locupletent
940 297 1076 328 domus.

122 371 154 394 35
233 358 319 390 Idem
355 359 564 390 Favorinus
602 360 755 390 deterrere
792 360 901 390 volens
937 370 973 390 ac
1010 359 1165 399 depellere
1194 373 1206 392 5

166 403 381 434 adulescentes
409 415 427 434 a
452 403 658 445 genethliacis
682 403 750 434 istis
775 406 805 434 et
829 403 1016 444 quibusdam
1041 404 1109 433 aliis
1134 403 1165 434 id

167 458 279 488 genus,
309 448 363 487 qui
392 448 582 489 prodigiosis
611 447 729 478 artibus
758 448 864 478 futura
893 447 998 478 onmia
1027 448 1165 478 dicturos

166 492 369 532 pollicentur,
401 493 489 523 nullo
519 494 611 532 pacto
640 492 798 522 adeundos
827 502 879 522 eos
908 502 975 522 esse
1003 492 1165 522 consulen-

123 547 155 570 3ss
167 536 285 576 dosque
328 535 546 567 huiuscemodi
587 536 780 577 argumentis
822 535 1041 567 concludebat:
1089 535 1166 565 ‘Aut

166 580 306 611 adversa’
335 581 439 620 inquit
466 581 627 611 ‘eventura
651 580 758 611 dicunt
782 583 836 610 aut
860 590 1016 620 prospera.
1064 578 1097 609 Si
1122 579 1164 609 di-
1181 594 1207 612 10

166 627 242 656 cunt
265 635 414 664 prospera
438 627 469 655 et
488 624 611 664 fallunt,
635 624 728 655 miser
746 624 802 655 fies
821 624 938 654 frustra
957 624 1165 664 expectando;

166 669 191 699 si
224 669 354 699 adversa
386 669 495 700 dicunt
527 670 558 699 et
590 669 798 708 mentiuntur,
835 668 929 698 miser
961 668 1016 698 fies
1049 667 1165 698 frustra

165 713 319 753 timendo3
344 713 392 743 sin
415 724 486 743 vera
505 713 696 753 respondent
715 723 812 753 eaque
832 715 905 743 sunt
924 723 987 742 11011
1006 722 1165 752 prospera,

165 758 227 788 iam
256 757 328 788 inde
357 768 395 787 ex
424 757 528 787 animo
558 757 653 787 miser
675 757 745 796 fies,
772 758 941 796 antequam
966 767 981 786 e
1005 756 1070 786 fato
1095 756 1165 796 fias3

166 802 191 832 si
220 802 324 832 felicia
352 802 543 841 promittunt
572 812 668 841 eaque
693 802 841 831 eventura
865 802 952 839 sunt,
979 803 1047 831 tum
1072 799 1164 840 plane
1181 813 1206 832 15

165 846 227 876 duo
247 848 339 876 erunt
358 845 570 876 incommoda:
596 848 626 876 et
646 845 821 885 expectatio
841 847 872 875 te
892 845 958 885 spei
978 854 1164 884 suspensum

164 890 324 931 fatigabit,
360 892 391 920 et
423 891 565 920 futurum
599 889 705 930 gaudii
737 889 874 920 fructum
908 899 978 928 spes
1011 888 1071 918 tibi
1103 888 1164 918 iam

165 935 408 975 praefloraverit.
454 933 552 964 Nullo
577 934 675 974 igitur
699 935 790 973 pacto
815 933 966 964 utendum
991 934 1038 963 est
1061 932 1164 962 istius-

165 979 251 1009 modi
274 978 455 1009 hominibus
479 989 528 1008 res
551 978 674 1008 futuras
699 976 989 1018 praesagientibus*

651 1065 681 1096 Π
1179 1078 1205 1096 io

165 1127 251 1158 Quem
275 1127 303 1152 in
326 1127 439 1152 modum
463 1126 623 1152 disseruerit
642 1126 791 1151 Favorinus
816 1125 956 1151 consultus
981 1133 997 1150 a
1020 1134 1063 1150 me
1083 1133 1165 1158 super

200 1163 290 1188 officio
311 1162 418 1187 iudicis.

140 1236 151 1258 1
231 1225 299 1262 Quo
320 1226 456 1266 primum
476 1228 618 1265 tempore
638 1236 655 1255 a
673 1224 869 1264 praetoribus
885 1224 984 1254 lectus
999 1224 1031 1254 in
1047 1223 1164 1254 iudices

165 1281 247 1310 sum,
273 1272 309 1300 ut
332 1270 460 1309 iudicia,
485 1280 564 1309 quae
587 1269 788 1309 appellantur
810 1269 940 1308 privata,
965 1268 1164 1308 susciperem,

164 1314 261 1344 libros
290 1314 453 1353 utriusque
482 1314 609 1354 linguae
638 1313 680 1343 de
709 1312 842 1343 officio
869 1312 1006 1342 iudicis
1031 1312 1163 1352 scriptos
1179 1324 1204 1343 25

164 1358 354 1398 conquisivi,
380 1360 415 1388 ut
438 1357 534 1388 homo
558 1357 740 1388 adulescens
764 1368 781 1386 a
805 1358 968 1396 poetarum
994 1356 1109 1386 fabulis
1134 1358 1164 1386 et

164 1413 181 1432 a
211 1402 373 1433 rhetorum
403 1402 536 1443 epilogis
565 1401 603 1432 ad
632 1400 812 1432 iudicandas
841 1401 911 1430 lites
940 1402 1070 1431 vocatus
1098 1411 1162 1430 rem

164 1446 374 1485 iudiciariam,
402 1446 551 1486 quoniam
580 1445 679 1484 vocis,
707 1447 743 1475 ut
766 1445 893 1483 dicitur,
921 1444 1010 1474 vivae
1034 1444 1165 1484 penuria

165 1493 243 1529 erat,
278 1502 316 1520 ex
349 1491 458 1530 mutis,
491 1490 575 1530 quod
608 1490 709 1528 aiunt,
741 1489 899 1529 magistris
933 1498 1163 1529 cognoscerem.

235 1588 265 1610 27
283 1585 336 1611 Cic.
349 1594 385 1611 or.
398 1585 485 1610 XVII]
496 1587 528 1611 57
610 1587 642 1609 28
654 1593 693 1616 sq.
710 1583 755 1609 cfr.
769 1583 841 1616 Otto,
857 1583 988 1616 Sprichw.
1000 1592 1025 1616 p.
1039 1585 1101 1614 3783
1114 1585 1162 1607 192

235 1676 248 1698 2
269 1673 308 1699 nil
323 1674 407 1700 Bothe
421 1675 430 1706 ΙΙ
445 1676 459 1698 3
480 1673 571 1698 ditant
585 1672 621 1697 X²
635 1673 643 1705 ΙΙ
658 1674 673 1697 4
693 1672 787 1697 domos
802 1672 877 1696 ⁸¹11
890 1671 961 1697 Nou.
978 1671 1013 1696 ΙΙ
1022 1679 1048 1703 p.
1066 1673 1108 1701 95,
1125 1672 1139 1695 7
1154 1672 1163 1704 ΙΙ

164 1712 179 1743 ξ
200 1717 246 1735 eos
261 1718 309 1734 am.
325 1718 343 1742 γ
357 1711 366 1742 Η
382 1711 413 1734 10
433 1710 565 1734 euentura
585 1707 709 1733 adiciunt
724 1709 740 1731 Z
755 1708 763 1740 ΙΙ
779 1710 809 1731 16
830 1707 881 1732 inc.
902 1708 930 1732 et
947 1705 1102 1739 (mpectatio
1119 1706 1140 1731 δ
1158 1707 1161 1740 Ι

164 1745 364 1778 expectationis
384 1752 445 1777 spes
462 1745 494 1769 Π
509 1745 511 1776 Ι
529 1752 576 1776 spe
596 1752 627 1769 ea)
647 1742 688 1775 spi
702 1745 726 1767 X
740 1744 748 1776 ΙΙ
763 1744 795 1767 23
815 1742 906 1768 iudice
925 1744 961 1774 (ἐῶ
978 1743 1007 1775 Q)
1022 1742 1044 1767 d
