1266 1902
173 26 237 58 226
609 27 684 53 XVII
703 30 735 53 21

128 115 160 139 13
174 118 234 148 que
270 110 325 138 est.
380 107 457 138 Inde
494 119 576 138 anno
608 108 674 139 fere
706 110 818 148 quarto
851 108 997 139 Menenio
1030 107 1175 149 Agrippa

171 152 213 182 M.
248 151 381 182 Horatio
415 151 553 182 Pulvillo
591 152 773 183 consulibus
811 152 894 183 bello
927 152 1053 183 Veienti
1091 152 1175 192 apud

172 196 304 226 fluvium
329 195 507 226 Cremeram
532 195 622 226 Fabii
651 207 704 227 sex
732 198 763 227 et
790 197 923 227 trecenti
950 196 1075 237 patricii
1103 206 1174 226 cum

172 240 301 270 familiis
321 240 386 270 suis
405 240 544 270 universi
563 240 602 270 ab
622 240 767 271 hostibus
786 241 990 271 circumventi
1006 241 1174 281 perierunt.

129 293 161 315 14
238 283 330 314 quta
362 295 397 315 ea
430 286 573 324 tempora
603 283 851 324 Empedocles
880 283 1108 326 Agrigentinus
1141 284 1175 315 in
1203 297 1214 316 5
1245 288 1246 306 ἓ

130 336 160 359 15
172 328 394 368 philosophiae
426 328 578 359 naturalis
612 329 716 359 studio
749 329 863 359 floruit.
916 328 1036 359 Romae
1069 330 1174 359 autem
1243 329 1245 335 ⁴

172 383 228 413 per
268 383 319 403 eas
361 374 564 412 tempestates
607 372 799 403 decemviros
837 372 960 413 legibus
998 372 1175 403 scribundis

173 418 293 447 creatos
322 416 464 447 constitit
492 416 678 455 tabulasque
705 417 744 447 ab
770 416 820 447 his
845 417 947 457 primo
972 417 1078 448 decem
1104 427 1174 448 con-

173 461 318 501 scriptas,
342 471 416 491 mox
440 461 517 491 alias
542 461 618 491 duas
642 461 771 492 additas.

130 514 161 535 16
239 504 363 535 Bellum
389 505 499 536 deinde
523 505 556 535 in
575 507 658 535 terra
678 504 808 536 Graecia
828 505 1000 535 maximum
1020 504 1175 545 Pelopon-
1190 517 1215 537 ιο
1243 509 1244 516 ’

172 549 368 587 nensiacum,
406 549 490 589 quod
523 549 761 589 Thucydides
799 549 969 580 memoriae
1006 549 1175 588 mandavit,
1242 548 1243 552 ¹

173 595 319 633 coeptum
350 595 396 624 est
425 593 506 624 circa
530 604 647 624 annum
672 593 737 624 fere
760 596 833 634 post
857 594 1015 624 conditam
1040 592 1175 624 Romam

130 646 160 668 17
172 638 427 668 trecentesimum
466 637 650 668 vicesimum
688 638 823 668 tertium.
883 637 951 674 Qua
987 639 1176 677 tempestate

173 680 250 712 Olus
282 681 465 712 Postumius
498 681 655 712 Tubertus
693 682 826 712 dictator
858 681 978 712 Romae
1010 681 1084 721 fuit,
1121 681 1175 721 qui

172 726 274 756 filium
308 737 413 765 suum,
450 726 535 766 quod
568 728 677 756 contra
709 737 799 756 suum
834 726 953 756 dictum
986 726 1019 756 in
1050 725 1175 756 hostem
1191 738 1216 757 15

173 772 377 811 pugnaverat,
397 770 498 800 securi
517 770 648 800 necavit.
687 769 802 800 Hostes
822 772 889 800 tum
910 770 1020 810 populi
1040 769 1176 800 Romani

130 823 161 845 12³·
173 814 301 844 fuerunt
328 813 494 844 Fidenates
523 816 617 854 atque
641 813 752 854 Aequi.
798 813 835 844 In
863 814 924 845 hoc
951 817 1094 854 tempore
1121 824 1176 844 no-

174 858 252 888 biles
281 858 482 898 celebresque
511 861 599 889 erant
628 858 835 898 Sophocles
865 869 901 889 ac
929 859 1040 889 deinde
1068 858 1176 888 Euri-

173 903 278 942 pides
316 902 428 943 tragici
465 904 577 943 poetae
615 904 645 933 et
678 902 933 943 Hippocrates
971 903 1110 933 medicus
1145 903 1176 932 et
1237 931 1239 937 ,

174 946 383 986 philosophus
403 946 657 986 Democritus,
677 947 790 987 quibus
812 946 986 977 Socrates
1004 946 1175 977 Athenien-
1191 959 1216 978 20
1237 954 1238 961 ¹

173 991 214 1021 sis
239 992 314 1021 natu
340 990 465 1030 quidem
491 992 647 1031 posterior
670 991 738 1030 fuit,
765 991 818 1022 sed
843 990 1031 1031 quibusdam
1056 993 1175 1031 tempo-

174 1035 260 1065 ribus
286 1035 384 1065 isdem
408 1036 561 1065 vixerunt.

130 1088 161 1110 19
239 1078 305 1109 lam
334 1079 445 1109 deinde
473 1079 608 1109 tribunis
637 1079 826 1110 militaribus
856 1079 1013 1110 consulari
1042 1079 1175 1119 imperio

172 1123 400 1163 rempublicam
429 1122 549 1153 Romae
581 1123 763 1164 regentibus
796 1124 835 1153 ad
865 1134 982 1153 annum
1011 1123 1075 1154 fere
1103 1133 1175 1153 con·
1235 1157 1236 1165 ἶ

173 1167 255 1197 ditae
288 1167 374 1197 urbis
407 1168 662 1198 trecentesimum
696 1167 971 1209 quadragesimum
1005 1167 1174 1207 septimum
1190 1179 1215 1199 25

173 1211 303 1251 triginta
336 1211 383 1241 illi
416 1212 541 1251 tyranni
571 1212 742 1252 praepositi
771 1214 844 1242 sunt
872 1223 890 1241 a
917 1211 1174 1242 Lacedaemoniis
1234 1210 1235 1214 ’

172 1254 433 1293 Atheniensibus,
462 1258 493 1286 et
518 1256 551 1286 in
576 1255 683 1286 Sicilia
706 1255 879 1296 Dionysius
904 1256 1047 1296 superior
1070 1257 1175 1296 tyran-

172 1299 277 1329 nidem
301 1300 411 1337 tenuit,
436 1300 608 1340 paucisque
631 1300 720 1330 annis
744 1302 817 1340 post
842 1298 1016 1330 Socrates
1040 1299 1174 1330 Athenis

172 1344 284 1383 capitis
322 1344 487 1374 damnatus
521 1346 568 1374 est
600 1346 631 1374 et
663 1345 695 1374 in
728 1354 851 1374 carcere
883 1355 1004 1374 veneno
1037 1346 1173 1374 necatus.

128 1396 161 1418 20
174 1386 227 1418 Set
264 1398 300 1418 ca
336 1388 400 1418 fere
433 1390 620 1428 tempestate
653 1387 772 1418 Romae
805 1387 845 1418 M.
875 1388 988 1418 Furius
1023 1387 1174 1418 Camillus
1189 1391 1232 1419 30'

129 1440 160 1462 21
174 1432 310 1462 dictator
337 1432 398 1462 fuit
426 1434 457 1462 et
480 1432 577 1463 Veios
606 1433 701 1473 cepit3
730 1443 765 1463 ac
794 1434 866 1472 post
889 1443 954 1462 non
976 1433 1074 1473 longo
1098 1434 1174 1462 tern-
1229 1423 1232 1494 Ξ

244 1530 256 1551 1
273 1528 357 1559 atque
369 1527 433 1552 inde
443 1536 462 1560 γ
475 1529 484 1560 Π
499 1530 513 1552 2
529 1527 638 1553 ueiente
648 1527 732 1555 NQ²Z
747 1528 865 1560 uegente
877 1530 924 1552 ΟΧ
938 1529 946 1560 Η
962 1530 976 1552 3
992 1527 1039 1553 fab
1050 1527 1103 1552 hiis
1114 1535 1146 1552 ex
1157 1530 1174 1552 Z

172 1562 206 1587 ab
227 1562 269 1587 his
290 1571 321 1587 ex
339 1564 379 1596 21ss
395 1565 409 1587 6
428 1562 550 1588 naturali
564 1565 609 1587 XZ
625 1564 632 1595 ΙΙ
649 1565 662 1587 7
683 1563 793 1595 scripsit
813 1563 964 1588 discreatos
979 1563 1001 1588 δ
1015 1564 1023 1596 Η
1038 1566 1053 1587 8
1073 1562 1174 1587 consti-

172 1597 225 1622 tuti
242 1598 264 1623 d
283 1598 428 1623 constituit
442 1601 465 1622 X
484 1599 492 1630 ΙΙ
514 1601 544 1623 14
564 1599 707 1631 postumus
726 1597 844 1624 ‹fwox
862 1599 870 1631 ΙΙ
891 1601 922 1623 15
942 1598 1121 1624 interdictum
1141 1597 1174 1626 θῇ

173 1633 293 1658 edictum
307 1633 421 1659 Oiselz'us
435 1635 443 1665 ΙΙ
460 1636 489 1658 17
504 1633 614 1659 fuerant
625 1644 644 1658 ω
655 1642 721 1659 corr.
735 1633 810 1667 Mdy.
825 1633 828 1667 Ι
841 1635 925 1666 atque
936 1634 966 1658 A.
979 1634 1063 1659 Hertz
1073 1633 1174 1667 (Mdy.)

171 1667 268 1701 Itaque
293 1669 339 1700 qui
364 1678 384 1693 ω
402 1670 404 1701 Ι
422 1668 471 1693 hec
495 1671 512 1693 Ζ
540 1669 613 1694 inter
636 1668 703 1694 haec
726 1669 852 1701 tempora
872 1678 890 1702 γ
912 1670 920 1701 ῙΙ
944 1671 976 1694 22
1001 1668 1108 1694 hisdem
1133 1668 1175 1702 αῙΙ

172 1706 205 1728 29
226 1704 322 1736 captus
343 1703 433 1729 damn.
450 1705 471 1729 δ
485 1705 493 1737 Η
509 1706 541 1728 30
561 1704 619 1738 Set]
635 1706 655 1732 0,
669 1712 717 1730 om.
734 1715 754 1729 ω
774 1704 810 1729 Ε1
825 1705 909 1730 Hertz
