1291 1912
508 76 570 103 xlx
589 79 605 103 8
998 77 1059 108 271

52 169 188 198 marum,
212 170 249 189 ex
275 159 391 199 quibus
415 161 549 198 constat,
573 159 721 200 partium,
746 159 871 190 indocte
895 161 926 190 et
950 158 1062 190 inseite

52 203 210 234 ‘harenae'
245 203 306 234 dici
342 203 500 241 videntur,
532 206 694 244 tamquam
729 203 760 234 id
794 203 984 234 vocabulum
1016 203 1061 234 in-

51 247 157 289 digeat
185 248 309 278 numeri
338 248 562 288 amplitudine,
591 259 662 279 cum
691 248 719 278 ei
748 248 953 289 singulariter
976 247 1061 279 dicto

50 292 192 333 ingenita
225 292 267 323 sit
299 293 453 323 naturalis
484 293 532 322 sui
562 292 742 323 multitudo.
795 291 855 323 Sed
884 292 960 323 haec
989 293 1059 334 ego'

23 350 34 370 5
50 336 154 376 inquit
183 336 274 375 ‘dixi,
304 348 367 367 non
396 338 431 367 ut
459 336 553 367 huius
579 337 753 367 sententiae
776 337 920 377 legisque
944 337 1060 367 fundus

50 381 309 421 subscriptorque
334 382 451 420 fierem,
476 381 530 411 sed
554 383 590 412 ut
613 392 652 411 ne
673 380 858 421 Caesaris,
883 381 941 412 viri
967 381 1061 421 docti,

50 425 232 465 opinionem
281 425 542 466 ἀπαραμύθητον
585 425 797 456 destituerem.
861 425 945 456 Nam
987 436 1058 456 cum
1073 434 1103 457 13

50 470 194 501 ‘caelum'
223 480 348 510 semper
371 469 485 506 ἑνικῶς
510 470 645 510 dicatur,
676 470 784 500 ‘mare’
809 472 840 501 et
865 469 970 501 ‘terra'
995 481 1059 501 non

49 525 185 554 semper,
219 517 250 545 et
279 514 417 555 ‘pulvis',
448 514 585 545 ‘ventus’
615 517 646 545 et
675 514 804 545 ‘fumus’
835 525 899 545 non
928 525 1060 555 semper,

22 569 104 592 ocur
133 558 295 589 ‘indutias’
325 561 355 589 et
385 559 615 590 ‘caerimonias’
644 559 813 599 scriptores
838 561 958 590 veteres
983 570 1059 589 non-

47 614 222 643 numquam
253 603 407 645 singulari
435 614 567 634 numero
596 603 852 644 appellaverunt,
881 603 998 634 ‘ferias’
1029 606 1060 634 et

48 647 228 678 ‘nundinas’
263 650 295 678 et
328 647 479 678 ‘inferias’
513 650 544 678 et
574 648 745 688 ‘exequias’
776 648 971 688 numquam?
1005 658 1061 679 cur

48 691 134 723 ‘niel'
159 695 190 723 et
215 692 347 723 ‘vinum’
373 694 468 732 atque
493 692 523 723 id
548 703 648 733 genus
670 694 773 723 cetera
793 703 959 723 numerum
981 693 1059 723 mul-

47 736 193 767 titudinis
218 737 362 777 capiunt,
390 736 496 768 ‘lacte'
521 748 586 767 non
610 737 735 777 capiat?
769 737 891 777 quaeri,
919 737 1102 777 inqua1u‚14

16 794 33 814 .5
48 781 108 812 ista
137 781 243 812 omnia
273 783 304 812 et
333 782 490 812 enucleari
520 784 551 812 et
579 781 711 812 extundi
735 781 774 812 ab
798 780 982 812 hominibus
1007 792 1058 812 ne-

47 825 181 867 gotiosis
210 826 243 856 in
273 826 400 856 civitate
428 828 493 856 tam
524 828 677 866 occupata
706 836 770 856 non
797 828 925 865 queunt.
975 825 1058 862 Quin

47 870 96 900 his
126 880 253 910 quoque
283 870 373 910 ipsis,
401 881 482 910 quae
511 870 573 900 iam
599 870 678 909 dixi,
706 870 886 901 demoratos
911 880 967 901 vos
991 881 1058 901 esse

46 914 138 945 video
162 914 266 953 alicui,
290 915 412 955 opinor,
437 915 566 956 negotio
587 915 768 945 destinatos
812 914 858 945 Ite
878 925 953 956 ergo
974 923 1101 946 111111οι5

47 961 91 999 et,
120 959 247 999 quando
270 959 353 990 forte
377 959 437 990 erit
461 959 576 999 otium,
604 959 758 1000 quaerite,
781 970 821 989 an
846 959 1057 1000 ‘quadrigam’

15 1017 34 1036 ,ο
47 1005 78 1034 et
103 1003 258 1034 ‘harenas'
285 1003 400 1034 dixerit
425 1015 441 1034 e
465 1003 596 1034 cohme
620 1003 675 1034 illa
695 1004 859 1034 dumtaxat
878 1003 1057 1044 antiquiore

47 1048 97 1078 vel
130 1050 291 1079 oratorum
325 1048 440 1088 aliquis
474 1048 523 1079 vel
557 1050 737 1088 poetarum,
770 1048 801 1078 id
832 1050 880 1078 est
908 1048 1057 1079 classicus

46 1092 258 1133 adsiduusque
282 1092 398 1133 aliquis
422 1093 571 1133 scriptor,
596 1103 660 1123 non
685 1092 894 1133 proletarius?

112 1135 200 1168 Haec
222 1137 349 1177 quidem
370 1136 513 1168 Fronto
534 1137 693 1177 requirere
714 1147 771 1167 nos
791 1137 883 1167 iussit
902 1137 1057 1168 vocabula
1070 1145 1100 1168 16

46 1191 108 1211 non
134 1192 170 1212 ea
194 1192 240 1221 re,
265 1182 392 1222 opinor,
416 1182 501 1222 quod
526 1182 644 1222 scripta
668 1192 734 1212 esse
759 1182 792 1212 in
816 1181 890 1212 ullis
915 1183 1056 1212 veterum

20 1224 135 1258 slibris
164 1226 384 1265 existumaret,
413 1226 467 1257 sed
494 1229 529 1257 ut
553 1226 645 1257 nobis
670 1226 810 1256 studium
834 1225 1000 1257 lectitandi
1024 1226 1056 1256 in

46 1270 231 1309 quaerendis
265 1271 438 1301 rarioribus
472 1271 577 1302 verbis
611 1273 777 1302 exerceret.
832 1269 923 1307 Quod
956 1281 1054 1301 unum
1068 1279 1099 1301 17

45 1324 119 1355 ergo
156 1315 353 1346 rarissimum
392 1315 573 1355 videbatur,
614 1315 793 1345 invenimus
832 1314 1055 1356 quadrigam

45 1368 175 1390 numero
213 1359 366 1400 singulari
405 1359 521 1390 dietam
561 1360 594 1390 in
631 1359 731 1389 libro
765 1362 979 1390 saturarum
1013 1358 1054 1389 M.

115 1466 128 1489 τ
141 1473 199 1498 sqq.
221 1464 292 1490 GLK
307 1465 318 1490 Ι
335 1467 376 1497 32,
394 1468 406 1489 1
419 1473 490 1497 sqq,
512 1467 571 1495 327,
588 1467 633 1496 343
654 1468 713 1495 543,
729 1467 744 1489 4
764 1463 800 1490 IV
818 1467 875 1495 195,
889 1466 934 1496 26,
951 1467 1010 1495 376,
1022 1466 1053 1489 27

43 1497 68 1524 V
84 1501 141 1531 195,
157 1502 204 1531 213
224 1502 283 1532 348,
299 1503 327 1531 9:
348 1502 408 1532 427,
425 1503 471 1531 253
492 1502 551 1531 506,
569 1503 598 1525 21
612 1501 662 1525 etc.
682 1499 749 1525 CGL
764 1499 788 1525 Π
804 1502 921 1532 290,54;
938 1502 1053 1531 329,16;

45 1535 102 1566 393,
119 1537 164 1567 193
184 1538 243 1566 477,
260 1538 292 1561 37
390 1537 423 1561 20
435 1544 492 1568 sqq.
514 1535 597 1561 Macr.
614 1535 625 1560 Ι
641 1538 682 1567 24,
699 1538 713 1560 S
810 1538 842 1561 2⁴2
863 1535 964 1561 Arnob.
982 1534 1005 1560 Π
1021 1537 1053 1560 ‘29

114 1626 128 1650 3
148 1624 174 1650 ei
194 1624 243 1650 del.
260 1625 354 1655 Hertz,
372 1633 410 1651 cm
430 1624 477 1650 et?
494 1626 497 1658 Ι
515 1624 590 1650 dicto
607 1624 684 1658 Mdy.
705 1624 761 1649 dici
781 1634 801 1649 ω
820 1627 829 1657 ΙΙ
849 1627 862 1649 7
883 1632 931 1649 eux·
949 1624 1031 1650 Orelli
1045 1629 1054 1658 ,1

44 1661 58 1684 9
82 1659 208 1686 lacunam
232 1663 294 1686 ante
318 1661 346 1685 et
369 1669 394 1694 p,
420 1660 477 1686 ind.
497 1659 541 1686 Slc.
567 1659 657 1693 pulvis
682 1660 845 1695 (semper),
871 1660 989 1694 Heibery
1005 1661 1008 1692 Ι
1026 1661 1053 1685 et

0 1715 1 1719 ,
44 1695 142 1720 uentus
162 1696 190 1721 et
210 1696 240 1721 Π
260 1697 268 1726 ΙΙ
289 1699 319 1721 11
341 1695 546 1729 appellauerint
564 1697 606 1729 γΖ
626 1696 745 1729 Hez'bery
763 1697 771 1728 Η
792 1699 823 1721 14
844 1695 966 1728 capiant,
988 1695 1004 1720 1,
1026 1704 1051 1720 n.

44 1737 74 1761 c.,
94 1731 190 1764 qnaen'
210 1731 327 1765 Heibery
344 1733 347 1764 Ι
364 1731 407 1757 lac
427 1741 446 1765 y
459 1733 467 1764 Η
484 1735 515 1756 15
536 1730 632 1756 extudi
649 1731 783 1764 δΝΠω)
803 1730 902 1757 excudi
917 1733 941 1756 X
960 1731 1051 1756 excuti

45 1766 139 1792 Carrio
153 1767 161 1799 Η
178 1769 209 1792 16
225 1767 272 1799 qui
286 1767 314 1792 in
325 1767 347 1793 δ
361 1768 370 1801 Η
386 1769 416 1792 17
433 1767 602 1801 demoratos]
615 1768 634 1794 Q.
649 1768 724 1792 -atus
735 1777 765 1799 ω,
782 1767 852 1793 ande
859 1767 948 1800 possis
958 1766 1053 1792 videor
