1266 1902
207 76 270 107 286
666 75 715 101 XX
736 80 749 101 1

206 157 300 188 nimis
325 159 355 187 et
379 157 510 187 remissa
533 159 588 187 aut
610 167 810 197 nequaquam
835 157 892 198 ita,
920 159 955 188 ut
978 157 1130 197 scripturn
1155 158 1212 196 est,

207 201 431 232 consistentia.
1241 197 1244 241 j?

180 255 194 276 5
273 244 513 276 ‘Obscuritates’
539 245 643 285 inquit
662 244 740 275 Sex.
763 244 982 276 Caecilius
986 256 1050 276 non
1069 245 1211 286 adsigne-
1242 259 1243 264 ¹

207 300 276 320 mus
306 289 415 329 culpae
444 289 665 328 scribentium,
695 289 749 320 sed
777 289 920 320 inscitiae
947 300 1011 320 non
1039 289 1210 329 adsequeu
1242 314 1243 322 ,

206 334 300 373 tium,
334 344 526 373 quamquam
559 333 592 364 hi
622 344 748 373 quoque
776 334 851 374 ipsi,
884 334 952 373 qui,
984 344 1064 373 quae
1094 333 1211 373 scripta
1237 347 1266 369 ⁸⁵

181 380 293 417 esunt,
330 378 433 408 minus
467 378 660 418 percipiunt,
698 377 791 418 culpa
823 380 943 408 vacant.
998 377 1080 408 Nam
1114 378 1210 418 longa

206 424 291 453 aetas
324 422 419 452 verba
450 424 545 462 atque
573 432 676 452 mores
705 424 825 452 veteres
855 422 1062 461 oblitteravit,
1095 421 1210 461 quibus

206 466 309 497 verbis
343 466 548 506 moribusque
581 466 737 497 sententia
768 467 876 508 legum
910 465 1125 506 conprehensa
1154 468 1209 496 est.

206 510 439 542 Trecentesimo
483 521 609 550 quoque
648 521 730 541 anno
768 512 840 550 post
878 509 1011 541 Romam
1050 509 1208 541 conditam

205 554 332 585 tabulae
366 555 549 595 conpositae
582 555 779 595 scriptaeque
810 557 896 593 sunt,
929 565 947 585 a
976 565 1038 594 quo
1066 556 1210 594 tempore
1225 568 1241 587 11
1253 569 1263 588 11

206 599 244 629 ad
276 599 361 629 hunc
395 599 477 629 diem
511 599 585 629 anni
618 609 684 629 esse
716 609 781 629 non
813 599 907 639 longe
940 599 1044 629 minus
1076 598 1210 629 sescenti

181 643 360 674 7videntur.
408 642 493 674 Dure
522 645 627 674 autem
657 643 808 683 scriptum
838 654 906 674 esse
935 643 966 673 in
993 643 1062 673 istis
1085 642 1209 683 legibus

207 688 282 727 quid
307 687 479 718 existimari
504 688 631 727 potest?
655 687 715 718 nisi
740 686 849 718 duram
874 698 940 718 esse
964 688 1066 728 legem
1090 686 1161 727 (IX
1175 688 1210 721 3)

207 734 313 772 putas,
344 742 423 772 quae
452 731 587 762 iudicem
617 731 810 762 arbitrumve
839 731 906 762 iure
934 732 1041 762 datum
1048 756 1056 771 7
1085 731 1139 771 qui
1169 731 1209 761 ob

206 787 271 806 reni
297 775 459 806 dicendam
480 776 646 816 pecuniam
666 776 823 816 accepisse
844 776 1006 806 convictus
1027 778 1082 815 est,
1106 775 1209 815 capite
1224 790 1238 808 1v

206 820 354 860 poenitur
377 822 432 850 aut
451 826 461 855 (
472 820 562 850 VIII
573 821 627 855 14)
653 831 732 859 quae
754 820 855 850 furem
876 820 1077 850 manifestum
1098 820 1136 859 ei,
1160 819 1209 849 eui

205 865 325 895 furtum
358 864 477 895 factum
511 866 571 901 est,
605 864 636 894 in
665 864 847 895 servitutem
877 864 986 904 tradit,
1019 863 1130 903 (VIII
1153 866 1208 899 11¹2)

180 911 396 939 &nocturnum
430 911 535 939 autem
569 908 670 939 furem
704 909 752 939 ius
786 908 947 939 occidendi
979 908 1098 938 tribuit.
1149 906 1209 938 Dic

205 953 302 1002 eninr,
329 964 455 1002 quaeso,
479 953 537 992 dic,
562 953 609 983 vir
632 952 805 1014 sapientiae
829 952 1067 1014 studiosissime,
1091 962 1131 982 an
1155 954 1210 982 aut

205 1041 343 1071 humana
367 1041 584 1071 iusiurandum
609 1052 700 1071 suum
722 1041 854 1081 pecunia
873 1009 1037 1071 vendentis
1057 1042 1111 1071 aut
1130 1040 1208 1070 fuiis

206 1085 364 1116 manifesti
393 1085 623 1116 intolerandam
653 1085 814 1116 audaciam
839 1087 894 1115 aut
918 1085 1064 1115 nocturni
1088 1095 1209 1125 grassa-

205 1130 282 1160 toris
315 1129 499 1160 insidiosam
533 1130 716 1160 violentiam
750 1139 813 1160 non
843 1129 971 1170 dignam
1000 1139 1067 1159 esse
1096 1129 1208 1168 capitis

205 1184 324 1214 poenae
350 1173 554 1204 existumes?'

179 1228 192 1248 ει
250 1217 348 1249 ‘Noli’
388 1218 492 1258 inquit
524 1217 733 1249 Favorinus
767 1217 816 1247 ‘ex
849 1228 898 1247 nie
931 1228 1094 1257 quaerere,
1132 1216 1232 1256 quide

205 1272 263 1303 ego
288 1262 485 1293 existumem.
528 1261 596 1293 Scis
621 1263 703 1293 enim
730 1262 857 1292 solitum
883 1272 951 1292 esse
972 1272 1020 1291 me
1039 1272 1096 1301 pro
1117 1261 1207 1292 disci-

204 1306 291 1347 plina
321 1308 437 1346 sectae,
470 1317 564 1346 quam
597 1307 679 1346 colo,
712 1306 869 1346 inquirere
898 1305 1005 1345 potius
1034 1316 1127 1345 quam
1158 1304 1205 1335 de—

162 1359 193 1382 10
204 1361 338 1381 cernere.
382 1349 442 1381 Sed
466 1361 530 1381 non
553 1351 631 1381 levis
655 1350 852 1381 existimator
875 1360 977 1389 neque
1001 1349 1207 1390 aspernabilis

204 1397 251 1425 est
275 1395 413 1434 populus
433 1394 604 1434 Romanus,
628 1395 679 1425 cui
702 1394 816 1425 delicta
841 1393 966 1434 quidem
992 1394 1088 1424 istaec
1109 1393 1207 1424 vindi-

276 1493 307 1516 16
319 1499 377 1523 sqq.
399 1490 434 1515 XI
452 1493 491 1523 1³²57
508 1494 591 1523 quq.

275 1582 288 1604 2
312 1579 526 1605 consistentibus
546 1580 568 1604 ό
582 1580 620 1612 [14
639 1577 803 1604 inscientiae
823 1581 870 1603 ΟΧ
884 1579 892 1610 H
907 1581 921 1603 9
942 1585 1051 1610 nanque
1071 1585 1086 1602 σ
1109 1576 1205 1609 quinto

203 1614 307 1647 quippe
322 1615 392 1640 Boot
406 1616 415 1648 Η
431 1617 462 1639 10
480 1614 708 1647 consciiptaeque
724 1615 757 1639 Π
769 1615 777 1646 ΙΙ
793 1616 823 1638 11
841 1613 962 1639 sexcenti
980 1613 1026 1638 Gr.
1047 1612 1206 1645 septingen-

202 1650 224 1675 ti
241 1660 260 1675 ω
275 1651 284 1682 ΙΙ
300 1652 331 1675 15
347 1649 500 1675 ducendam
518 1650 648 1675 Karlozva
664 1648 842 1674 iudicandam
858 1649 1001 1681 Scioppius
1014 1649 1102 1680 sicque
1116 1647 1206 1672 Cicero

202 1693 280 1718 saepe
297 1686 387 1719 Quint
406 1686 430 1711 V
444 1687 484 1717 10,
498 1687 534 1710 87
554 1685 613 1710 Tac.
629 1694 653 1710 a.
670 1685 717 1710 IV
727 1686 759 1709 31
775 1685 783 1717 ΙΙ
799 1686 830 1709 18
846 1684 888 1709 ius
904 1682 1040 1709 occidenti
1054 1685 1077 1707 X
1092 1682 1151 1708 iure
1166 1682 1205 1707 in-

203 1720 307 1746 cidenti
322 1719 344 1746 δ
358 1721 366 1753 ΙΙ
381 1724 414 1745 20
434 1720 494 1745 iura
509 1729 557 1746 om..
574 1720 596 1745 d
610 1721 618 1752 ll
633 1722 663 1744 21
686 1727 736 1745 sua
751 1720 773 1745 δ
787 1720 795 1751 Η
811 1722 843 1744 22
863 1718 1035 1744 tolerandam
1052 1720 1071 1746 Q
1085 1719 1094 1750 ΙΙ
1109 1720 1141 1742 24
1159 1725 1206 1750 pe-

203 1764 238 1782 na
256 1757 287 1781 11
300 1757 307 1788 ΙΙ
324 1758 355 1780 29
375 1756 429 1781 ista
445 1758 464 1783 Q
482 1756 484 1789 Ι
502 1755 656 1781 uindicanti
671 1757 694 1780 X
