1291 1912
80 554 106 573 10

78 776 104 795 15

77 998 104 1017 80

77 1221 103 1239 25

589 55 637 81 ΧΗ
659 59 669 81 1
1092 54 1131 84 27

122 139 293 178 accederet,
317 138 385 169 ‘oro
406 138 456 178 te7’
480 138 585 178 inquit
606 137 740 175 ‘mulie1·,
761 137 828 167 sine
848 148 916 167 earu
936 139 1037 167 totam
1058 136 1136 167 inte-

122 195 211 225 gram
236 185 369 214 matrem
395 194 462 214 esse
482 183 540 213 filii
560 183 617 213 sui.
660 182 752 218 Quod
772 184 820 212 est
839 181 923 212 enim
944 181 1003 211 hoc
1024 183 1135 211 contra

122 230 267 258 naturam
301 228 511 268 inperfectum
541 229 636 267 atque
665 226 864 257 dimidiatum
894 225 1004 256 matris
1034 236 1133 267 genus

122 273 280 313 peperisse
309 282 345 303 ac
374 272 480 302 statim
507 283 524 302 a
549 282 617 302 sese
641 271 816 302 abiecisse?
845 270 962 301 aluisse
986 270 1018 300 111
1042 272 1133 300 utero

121 317 276 358 sanguine
300 327 357 347 suo
382 317 486 347 nescio
512 316 597 356 quid,
622 315 706 356 quod
728 326 792 346 non
812 315 942 350 videret,
966 325 1030 345 non
1050 315 1133 345 alere

121 372 205 392 nunc
220 372 277 392 suo
293 362 384 397 lacte,
399 361 483 401 quod
500 361 614 399 videat,
630 361 692 391 iam
704 360 872 395 viventem,
887 360 950 390 iam
962 359 1134 398 hominem,

122 406 183 436 iam
208 406 319 436 matris
340 406 446 436 officia
466 405 701 445 inplorantem'?
743 404 795 435 An
815 406 849 434 tu
869 404 1007 444 quoque’
1029 404 1134 443 inquit

122 451 226 491 ‘putas
250 452 396 481 naturam
421 450 547 480 feminis
573 460 783 480 mammarum
808 449 906 479 ubera
930 448 1019 489 quasi
1040 459 1133 488 quos-

121 495 192 526 dam
217 495 414 526 venustiores
438 494 590 525 naevulos
616 505 680 524 non
703 493 838 524 liberum
860 493 1056 532 alendorum,
1079 493 1133 523 sed

122 540 254 570 ornandi
288 539 425 580 pectoris
459 549 553 569 causa
587 539 731 569 dedisse?
783 537 835 568 Sic
868 538 966 572 enim.
1000 537 1085 578 quod
1116 548 1134 568 a

120 584 210 615 vobis
231 583 352 614 scilicet
370 584 468 622 abest,
489 584 657 624 pleraeque
675 584 753 614 istae
768 583 970 623 prodigiosae
986 582 1133 613 mulieres

120 630 241 659 fontem
271 628 362 659 illum
392 628 628 659 sanctissimum
658 628 813 668 corporis,
847 627 972 668 generis
1002 626 1132 657 humani

120 673 331 708 educatorem,
355 674 512 703 arefacere
536 675 567 703 et
591 673 775 713 extinguere
800 682 872 702 cum
895 672 1036 711 periculo
1057 682 1133 711 quo-

120 728 181 758 que
200 718 302 748 aversi
322 718 527 758 corruptique
547 717 639 748 lactis
658 717 814 753 laborant,
833 718 996 756 tamquam
1018 715 1132 756 pulcri-

119 762 239 793 tudinis
269 762 329 793 sibi
359 762 496 803 insignia
522 762 720 801 devenustet,
749 761 834 802 quod
859 761 986 801 quidem
1010 760 1133 791 faciunt

119 807 227 837 eadem
248 807 403 845 vecordia,
424 817 485 846 qua
506 806 696 847 quibusdam
716 806 948 837 commenticiis
967 805 1133 835 fraudibus

119 851 274 886 nituntur,
298 854 334 882 ut
357 852 440 882 fetus
466 862 593 891 quoque
617 851 679 891 ipsi
703 851 736 881 in
756 861 888 891 corpore
908 861 965 880 suo
986 849 1132 890 concepti

119 896 317 930 aboriantur.
350 907 390 926 ne
422 906 542 935 aequor
575 895 654 926 illud
687 895 806 926 ventris
835 895 1002 936 inrugetur
1029 905 1066 925 ac
1095 894 1132 925 de

119 941 274 981 gravitate
304 941 408 971 oneris
437 942 468 971 et
495 940 603 970 labore
627 942 736 980 partus
760 940 895 970 fatiscat.
944 939 1035 975 Quod
1060 950 1131 969 cum

119 985 160 1015 sit
188 985 317 1025 publica
345 985 555 1016 detestatione
585 985 810 1024 communique
839 984 912 1015 odio
941 983 1075 1025 dignum
1099 983 1133 1014 in

118 1029 196 1069 ipsis
224 1029 386 1060 hominem
414 1029 611 1070 primordiis,
640 1029 714 1059 dum
739 1029 885 1070 fingitur,
914 1029 989 1059 dum
1013 1028 1131 1058 anima-

117 1076 178 1113 tur,
201 1074 284 1104 inter
308 1075 393 1115 ipsas
417 1074 549 1104 artificis
569 1076 699 1104 naturae
719 1084 832 1104 manus
855 1073 1057 1104 interfectum
1078 1073 1131 1112 ire,

118 1119 308 1158 quantulum
342 1118 416 1149 hine
448 1118 539 1149 abest
572 1118 635 1148 iam
664 1118 853 1158 perfectum,
886 1118 949 1148 iam
978 1118 1131 1159 genitum,

118 1163 181 1193 iam
209 1163 312 1194 filium
342 1163 463 1204 proprii
492 1165 588 1202 atque
617 1163 761 1193 consueti
789 1165 885 1203 atque
915 1162 1035 1203 cogniti
1063 1173 1131 1193 san-

119 1207 223 1248 guinis
247 1208 399 1238 alimonia
424 1207 569 1248 privare?

1165 412 1177 434 —1

185 1251 272 1283 “Sed
296 1252 377 1283 nihil
400 1252 563 1291 interest‚”
586 1270 626 1273 —
647 1250 708 1282 hoc
727 1251 810 1282 enim
833 1251 949 1282 dicitur
968 1269 1010 1273 —
1031 1251 1130 1281 “dum
1144 1261 1175 1283 10

118 1296 222 1327 alatur
241 1299 272 1327 et
291 1297 386 1336 vivat,
406 1297 495 1327 cuius
515 1297 546 1327 id
566 1297 647 1327 lacte
667 1295 754 1326 fiat.'’
793 1295 857 1326 Cur
873 1295 973 1337 igitur
987 1296 1056 1334 iste,
1076 1295 1131 1336 qui
1144 1306 1173 1328 11

119 1339 179 1371 hoc
198 1341 283 1380 dicit,
303 1342 329 1372 si
350 1341 382 1372 111
403 1340 604 1381 capessendis
624 1343 755 1371 naturae
775 1340 920 1371 sensibus
941 1342 1005 1371 tam
1022 1339 1131 1371 obsur-

119 1384 195 1424 duit,
219 1396 283 1416 non
307 1386 337 1416 id
358 1397 486 1426 quoque
506 1386 587 1416 nihil
607 1386 759 1416 interesse
779 1387 879 1426 putat,
904 1385 993 1416 cuius
1013 1385 1046 1415 111
1066 1395 1131 1415 001·-

191 1484 222 1507 18
243 1481 289 1507 Ov.
306 1490 357 1507 am.
374 1482 399 1507 H
416 1485 455 1513 14,
473 1484 485 1506 ἵ
597 1484 628 1506 ’2-2
650 1480 696 1507 Ov.
713 1490 748 1506 111,
765 1481 815 1506 XV
830 1484 881 1506 213

191 1574 203 1595 1
225 1570 364 1596 accideret
379 1571 400 1596 δ
414 1572 422 1603 11
438 1574 453 1595 8
473 1570 561 1596 libera
576 1572 618 1595 ΒΖ
634 1572 642 1603 11
657 1573 671 1596 9
692 1570 796 1596 torulos
814 1570 967 1603 Stephanus
981 1571 989 1602 11
1006 1573 1036 1595 12
1057 1570 1130 1595 fron-

117 1606 175 1631 tem
188 1606 226 1631 X¹
246 1606 370 1632 fecerunt
385 1608 405 1635 Q
420 1607 460 1639 (Β)
476 1614 524 1632 om.
541 1608 558 1631 Z
576 1608 578 1638 1
597 1606 766 1632 sanctissimi
783 1616 802 1631 ω
823 1615 889 1632 corr.
908 1614 923 1634 ς
942 1607 950 1639 11
972 1609 1003 1631 13
1023 1606 1092 1640 per.]
1114 1615 1130 1639 p

118 1642 227 1674 (lacuna
242 1643 286 1668 rel.
297 1643 327 1675 B)
339 1643 383 1670 ΩΒ
398 1650 447 1668 om.
461 1643 509 1668 Iac.
523 1643 566 1668 rel*
578 1644 595 1666 Z
611 1644 618 1674 11
635 1645 666 1667 15
683 1642 836 1668 deueniunt
847 1644 867 1670 0,
882 1641 978 1667 de‘mit
994 1643 1130 1675 (tatss.)13

117 1677 151 1703 de
167 1678 226 1711 (lae.
244 1678 299 1711 rel.)
315 1680 332 1702 Ζ
346 1679 355 1710 11
371 1680 401 1702 17
418 1677 571 1711 contempti
586 1680 603 1702 Z
618 1679 626 1710 11
643 1680 674 1703 18
691 1677 866 1703 abortiantur
881 1680 900 1702 B
918 1679 920 1710 1
938 1685 1020 1703 necor
1035 1679 1080 1706 QB
1096 1685 1130 1703 ue

117 1721 164 1738 001·
177 1715 194 1738 Ζ
212 1714 215 1745 1
233 1721 265 1739 ac-
284 1721 318 1739 ne
336 1713 413 1747 May.
433 1715 441 1746 ΙΙ
460 1716 493 1739 ‘23
513 1713 578 1739 hinc
598 1714 634 1739 ad
653 1713 773 1739 bestiam
788 1714 821 1739 13¹
840 1716 848 1747 11
868 1716 899 1739 27
921 1714 949 1739 et
968 1713 1046 1738 cuius
1064 1715 1107 1738 ΒΖ
1122 1713 1131 1747 11

118 1750 150 1774 28
171 1749 316 1775 obsorduit
335 1748 420 1783 (-buit
433 1751 461 1782 z)
476 1751 518 1774 ΒΖ
