1291 1912
48 564 72 582 10

49 787 73 806 15

47 1009 74 1028 2⁷0

49 1231 75 1250 25

49 1453 77 1472 80

539 69 602 95 XIV
623 73 634 95 1
1030 70 1090 101 107

83 152 249 183 hominum
273 153 305 182 et
328 151 459 182 arbitria
483 153 514 182 et
538 152 639 182 varias
664 152 843 183 voluntates
868 151 1091 192 adpetitiones-

85 208 145 236 que
174 199 205 227 et
233 196 458 226 declinationes
488 198 519 226 et
546 196 696 227 fortuitos
725 196 970 236 repentinosque
994 196 1026 227 in
1050 197 1092 227 le-

86 241 221 271 vissimis
250 240 343 271 rebus
371 240 547 270 animorum
578 241 715 281 impetus
745 251 947 281 recessusque
972 241 1092 271 moveri

84 285 261 325 agitarique
295 285 428 325 desuper
461 296 476 315 e
506 285 592 315 caelo
620 287 782 325 putarent:
815 287 978 325 tamquam
1007 285 1092 325 quod

85 330 167 360 forte
196 330 240 360 ire
266 330 300 360 111
324 329 452 360 balneas
477 330 614 360 volueris
638 340 674 360 ac
698 329 809 360 deinde
834 329 973 360 nolueris
996 331 1092 370 atque

86 373 116 404 id
153 384 261 404 rursus
299 374 449 412 volueris,
486 384 551 404 non
583 385 621 404 ex
653 374 760 414 aliqua
793 374 910 414 dispari
944 374 1092 414 variaque

85 418 182 449 animi
206 418 394 459 agitatione,
420 418 475 448 sed
498 429 535 448 ex
560 418 734 449 necessaria
759 418 894 458 quadam
919 419 1091 449 errantium

86 462 222 493 siderum
256 463 504 503 reciprocatione
537 463 721 503 contigerit,
754 465 789 493 ut
822 463 915 503 plane
948 462 1093 493 homines

87 518 164 545 non,
188 506 272 547 quod
298 507 426 546 dicitur,
449 507 563 546 λογικὰ
588 509 661 545 ζῶα,
688 507 741 538 sed
764 507 885 538 ludicra
909 509 940 538 et
963 506 1094 538 ridenda

87 552 239 592 quaedam
261 553 466 591 neurospasta
486 562 553 582 esse
570 551 744 591 videantur,
764 551 790 582 si
805 551 885 582 nihil
901 562 956 582 sua
972 553 1094 591 sponte,

87 596 167 627 nihil
199 595 354 626 arbitratu
383 606 440 626 suo
468 595 603 635 faciunt,
636 596 690 627 sed
718 596 906 627 ducentibus
935 596 1035 627 stellis
1063 597 1095 626 et

86 640 314 681 aurigantibus.
366 638 424 671 ‘Ac
455 640 492 670 si'
522 640 627 680 inquit
656 641 808 681 ‘potuisse
837 640 975 681 praedici
1003 640 1138 671 adfir-24

88 686 184 724 mant,
207 683 366 725 Pyrrusne
389 695 444 715 rex
468 695 508 715 an
528 684 652 716 Manius
673 683 786 715 Curius
811 685 932 725 proelio
953 685 1094 715 victurus

87 731 181 767 esset,
210 740 265 759 cur
293 728 420 759 tandem
450 739 515 759 non
541 729 577 760 de
601 730 669 760 alea
693 740 820 769 quoque
844 740 880 760 ac
904 729 940 760 de
966 728 1095 760 calculis

88 775 119 804 et
138 773 261 804 alveolo
281 773 398 804 audent
418 773 529 813 dicere,
549 774 694 814 quisnam
714 773 758 804 ibi
774 773 951 805 ludentium
967 773 1095 804 vincat?

88 829 127 848 an
156 818 302 848 videlicet
326 828 441 859 magna
466 818 583 857 sciunt,
611 829 707 859 parva
731 818 888 858 nesciunt,
918 821 948 849 et
973 818 1095 849 minora

89 862 260 893 maioribus
295 862 527 903 inperceptiora
561 862 655 893 sunt?
706 861 767 894 Sed
800 863 826 893 si
860 862 1095 904 magnitudines
1107 870 1139 893 25

89 918 192 937 rerum
217 906 276 937 sibi
301 906 462 938 vindicant
486 907 650 948 magisque
674 917 740 938 esse
764 908 947 948 perspicuas
972 909 1003 938 et
1021 907 1096 937 faci-

89 951 149 982 lius
187 951 411 992 comprehendi
448 962 541 991 posse
579 951 701 992 dicunt,
740 952 825 982 volo'
863 952 968 992 inquit
1006 951 1096 982 ‘mihi

90 995 308 1036 respondeant,
332 996 408 1036 quid
432 995 464 1026 in
488 995 547 1026 hac
571 996 670 1027 totius
694 996 803 1027 mundi
828 996 1097 1037 contemplatione

90 1051 163 1080 prae
183 1041 280 1071 tantis
300 1043 430 1071 naturae
450 1040 599 1080 operibus
619 1041 652 1071 in
671 1042 736 1071 tam
756 1041 861 1081 parvis
881 1043 976 1081 atque
997 1040 1097 1071 brevi-

88 1084 147 1115 bus
180 1085 316 1126 negotiis
350 1085 550 1125 fortunisque
583 1084 749 1115 hominum
782 1096 933 1126 magnum
963 1085 1098 1126 putent?

88 1131 184 1169 atque
208 1129 239 1159 id
264 1129 358 1160 velim
383 1129 503 1168 etiam,'
529 1130 634 1169 inquit
659 1129 705 1160 ‘ut
728 1130 952 1170 respondeant.
982 1130 1008 1160 si
1032 1131 1097 1160 tam
1109 1137 1141 1159 ‘26

90 1184 221 1214 parvum
255 1175 350 1214 atque
382 1173 529 1214 rapidum
562 1176 610 1204 est
641 1176 837 1204 momentum
866 1174 1033 1214 temporis,
1065 1174 1099 1204 in

91 1228 154 1258 quo
187 1218 283 1248 homo
317 1229 447 1249 nascens
480 1218 581 1249 fatum
614 1218 744 1258 accipit,
776 1220 812 1249 ut
842 1219 875 1249 in
903 1219 1013 1249 eodem
1042 1218 1098 1249 isso

92 1264 210 1303 puncto
230 1262 287 1293 sub
309 1263 419 1293 eodem
439 1263 556 1293 circulo
577 1262 655 1293 caeli
675 1263 781 1303 plures
801 1263 896 1294 simul
913 1263 952 1293 ad
968 1262 1098 1294 eandem

91 1307 337 1347 competentiam
365 1308 452 1338 nasci
481 1318 545 1337 non
574 1309 704 1347 queant,
733 1309 764 1338 et
788 1307 814 1338 si
838 1307 955 1338 idcirco
980 1307 1099 1348 gemini

91 1361 217 1391 quoque
236 1362 298 1382 non
320 1352 428 1382 eadem
444 1352 527 1382 vitae
543 1353 627 1382 sorte
642 1353 724 1391 sunt,
743 1352 893 1391 quoniam
910 1362 974 1382 non
989 1351 1099 1382 eodem

90 1396 243 1436 temporis
268 1398 385 1436 puncto
411 1396 486 1427 editi
511 1398 598 1435 sunt,
626 1396 711 1436 peto'
738 1396 844 1436 inquit
868 1396 1100 1437 ‘respondeant,

92 1449 218 1470 cursum
247 1440 337 1471 illum
366 1441 519 1481 temporis
547 1441 786 1480 transvolantis,
817 1440 871 1481 qui
900 1441 953 1471 vix
982 1441 1100 1481 cogita-

164 1539 195 1561 13
215 1536 284 1561 Non.
302 1536 325 1561 II
342 1545 367 1570 p.
386 1538 443 1568 188,
461 1539 475 1562 3
497 1536 638 1562 ‘Victurus
658 1536 803 1562 victoriam
823 1534 962 1570 potiturus
982 1536 1101 1562 auctori-

93 1573 136 1597 tas
156 1571 334 1605 prudentium
354 1572 435 1605 putat
455 1580 527 1598 esse:
547 1571 704 1605 Pyrrhusne
720 1588 751 1590 —
767 1572 890 1598 victurus
910 1572 993 1598 esset'

166 1655 177 1677 l
204 1652 352 1677 arbitraria
376 1652 440 1684 ſtrias
461 1654 490 1680 Q)
511 1652 533 1678 δ
539 1654 557 1677 0
582 1660 633 1684 quo
657 1655 760 1678 servato
782 1653 809 1678 et
826 1653 907 1685 prius
926 1652 975 1678 del.
996 1653 1080 1678 Hertz
1095 1652 1103 1685 Η

93 1689 109 1712 2
129 1688 158 1714 et
177 1687 433 1720 declinationesque
453 1688 475 1713 δ
489 1690 497 1721 ΙΙ
513 1691 527 1712 5
548 1687 606 1713 fore
621 1689 638 1712 Z
657 1687 714 1713 fere
730 1689 751 1716 Q.
764 1689 772 1721 Ι]
788 1691 803 1714 6
822 1696 929 1713 rursum
946 1697 965 1721 γ
978 1689 987 1720 ΙΙ
1004 1690 1034 1712 12
1055 1695 1102 1720 po-

94 1723 194 1748 tuisset
213 1733 233 1748 ω
253 1731 320 1749 σοι-ν.
337 1723 491 1749 Beroaldus
514 1725 522 1756 1}
548 1726 579 1748 13
599 1723 690 1748 uictus
711 1724 769 1751 ΕΠ
791 1725 800 1756 Η
825 1726 855 1748 16
876 1731 912 1749 an
931 1723 980 1749 del.
1003 1723 1081 1757 Voyel

94 1758 181 1784 scient
201 1760 222 1787 Q,
235 1760 243 1791 ΙΙ
259 1762 289 1784 ‘21
311 1758 480 1792 praestantis
501 1769 520 1783 ω
541 1767 607 1785 corr.
630 1759 710 1793 I'oyel
