1291 1912
496 83 584 110 xvm
604 87 631 116 1;
652 87 667 110 2
1023 83 1088 114 233

81 177 175 207 quam
209 165 344 206 probum
378 168 433 196 aut
466 166 569 197 simile
601 168 825 207 argumentum
858 165 957 196 videri
988 166 1088 197 debet.

81 210 221 252 Congius
245 210 338 249 enim,
363 220 434 241 cum
459 210 554 249 deest,
578 210 677 241 efficit
701 210 837 251 quidem,
861 221 900 241 ne
925 210 966 241 sit
990 210 1090 241 iustae
1102 217 1133 241 13

81 265 244 286 mensurae
273 254 440 295 amphora3
469 255 523 285 sed
551 265 623 285 cum
652 254 772 285 accedit
800 257 831 286 et
859 254 997 295 additur,
1025 265 1090 285 non

81 299 134 330 ille
158 310 239 330 unus
263 298 340 330 facit
363 298 559 340 amphoram,
583 299 637 330 sed
661 300 797 340 supplet.
840 298 951 330 Virtus
975 301 1090 338 autem,
1103 307 1134 330 14

54 355 65 375 5
80 346 116 374 ut
138 343 191 374 isti
215 343 337 383 dicunt,
363 354 428 374 non
452 344 589 374 accessio
613 354 716 384 neque
740 344 1013 384 supplementum,
1037 344 1091 374 sed

81 388 148 419 sola
176 388 244 428 ipsa
273 388 356 419 vitae
384 388 494 419 beatae
523 389 623 419 instar
646 390 694 419 est
717 390 749 419 et
772 390 940 429 propterea
964 388 1089 419 beatam

81 433 179 463 vitam
203 433 271 463 sola
294 444 370 473 una,
395 443 466 463 cum
491 433 592 472 adest,
616 432 713 463 facit.’

147 476 235 507 Haec
259 478 354 517 atque
378 477 440 507 alia
463 477 618 517 quaedam
642 477 766 507 minuta
790 477 891 519 magis
917 479 948 508 et
971 477 1091 508 nodosa
1103 485 1135 508 15

81 522 243 561 tamquam
268 521 352 562 apud
371 521 525 552 arbitrum
546 521 775 552 Favorinum
795 522 829 552 in
848 532 937 552 suam
957 523 1091 562 uterque

41 577 67 597 10
82 565 270 596 sententiam
291 565 503 597 conferebant.
543 565 605 597 Sed
625 576 696 597 cum
716 566 779 596 iam
800 566 903 607 prima
920 566 973 596 fax
988 566 1091 597 noctis
1103 574 1135 598 16

81 612 113 641 et
136 609 295 641 densiores
320 621 387 641 esse
411 610 559 641 tenebrae
584 611 772 651 coepissent,
795 611 956 651 prosecuti
975 610 1091 641 Favo-

80 654 203 685 rinum
232 655 265 685 in
293 654 436 695 domum,
465 655 504 685 ad
533 666 629 695 quam
656 655 852 695 devertebat,
881 655 1091 686 discessimus.

569 743 601 774 ΙΙ

81 802 241 829 Cuiusmodi
257 804 452 836 quaestionum
467 804 668 831 certationibus
685 804 872 830 Saturnalicia
886 804 995 830 ludicra
1007 804 1092 830 Athe-

42 846 66 865 15
116 839 159 864 nis
175 839 283 872 agitare
298 839 374 866 soliti
389 840 487 871 simus;
505 842 589 873 atque
605 840 676 866 inibi
691 841 817 874 inspersa
831 840 970 873 quaedam
985 840 1092 874 sophis-

116 875 204 900 matia
223 875 251 900 et
271 875 429 909 aenigmata
449 876 640 902 oblectatoria.

149 936 329 970 Saturnalia
355 938 490 970 Athenis
523 940 723 981 agitabamus
752 940 852 971 hilare
880 950 1027 981 prorsum
1056 950 1092 971 ac
1121 948 1134 970 1

81 982 235 1022 modeste,
259 994 333 1024 non,
357 985 392 1014 ut
416 984 541 1024 dicitur,
564 985 761 1015 remittentes
785 985 927 1015 animum
954 1003 991 1006 -
1017 995 1091 1015 nam

83 1026 265 1058 ‘remittere’
304 1028 409 1068 inquit
440 1028 636 1060 Musonius
669 1030 712 1069 (p.
741 1030 805 1060 :275
830 1028 898 1067 Pe.)
938 1029 1092 1059 ‘animum

42 1083 67 1102 κο
82 1071 172 1112 quasi
200 1072 345 1103 amittere
374 1074 431 1104 est'
460 1092 508 1113 —,
537 1073 592 1104 sed
620 1073 835 1104 demulcentes
864 1084 935 1104 eum
960 1074 1091 1114 paulum

81 1118 176 1156 atque
199 1116 342 1148 laxantes
366 1117 512 1148 iucundis
536 1117 742 1158 honestisque
762 1128 943 1149 sermonum
964 1118 1092 1148 inlecta-

82 1160 232 1191 tionibus.
289 1160 562 1193 Conveniebamus
599 1165 703 1193 autem
743 1163 782 1193 ad
817 1163 948 1193 eandem
983 1173 1091 1193 cenam
1121 1170 1135 1192 2

83 1205 294 1245 conplusculi,
323 1207 377 1246 qui
401 1206 538 1237 Romani
567 1207 600 1237 in
624 1206 787 1238 Graeciam
813 1218 999 1238 veneramus
1025 1207 1092 1247 qui-

83 1259 145 1288 que
168 1250 292 1280 easdem
317 1251 494 1282 auditiones
518 1252 711 1292 eosdemque
735 1251 880 1282 doctores
901 1252 1092 1282 colebamus.

44 1305 68 1324 25
84 1292 165 1323 Tum
198 1295 252 1334 qui
281 1296 312 1325 et
340 1296 483 1326 cenulam
513 1296 623 1327 ordine
652 1307 709 1327 suo
738 1296 882 1335 curabat,
915 1296 1091 1337 praemium
1121 1303 1136 1326 3

84 1337 252 1369 solvendae
275 1340 469 1378 quaestionis
494 1339 633 1380 ponebat
656 1340 773 1371 librum
794 1341 908 1371 veteris
928 1340 1092 1380 scriptoris

83 1381 135 1412 vel
160 1381 314 1414 Graecum
337 1384 387 1414 vel
411 1384 561 1415 Latinum
586 1386 618 1415 et
641 1395 791 1415 coronam
816 1396 831 1415 e
855 1385 945 1415 lauro
965 1385 1092 1425 plexam

83 1426 280 1466 totidemque
303 1438 352 1458 res
377 1428 561 1468 quaerebat,
588 1431 666 1469 quot
689 1429 834 1460 homines
859 1430 931 1459 istic
955 1440 1092 1469 eramus3

85 1480 220 1510 cumque
248 1482 299 1502 eas
326 1473 428 1503 omnis
452 1476 655 1513 exposuerat,
683 1484 750 1504 rem
774 1474 944 1513 locumque
969 1473 1092 1504 dicendi

43 1527 69 1546 so
84 1526 152 1545 sors
180 1515 282 1546 dabat.
329 1516 479 1553 Quaestio
506 1518 604 1558 igitur
628 1518 732 1548 soluta
756 1528 872 1549 corona
896 1520 927 1548 et
951 1518 1092 1558 praemio
1120 1525 1136 1548 4

158 1614 188 1636 18
200 1620 258 1644 sqq.
279 1611 362 1637 Macr.
378 1612 389 1637 1
405 1615 428 1644 5,
445 1615 476 1638 12

156 1702 171 1724 3
187 1700 328 1725 addicitur
341 1701 377 1725 X¹
391 1702 400 1734 11
415 1703 430 1726 9
446 1702 574 1727 suamuta
588 1702 609 1727 ό
623 1703 632 1735 ῙΙ
648 1705 679 1728 14
695 1702 849 1728 saturnalia
861 1704 894 1728 H
905 1704 913 1736 Η
930 1706 961 1729 15
977 1711 1061 1736 expsa
1073 1705 1093 1731 Q

84 1735 219 1768 impressa
236 1736 268 1760 11
283 1736 286 1768 ff
304 1735 498 1771 sophismatia]
513 1739 530 1761 Ζ
551 1738 609 1770 (qui
622 1739 651 1763 et
665 1739 725 1770 om.)
745 1738 917 1772 sophismata
934 1749 953 1764 ω
968 1740 977 1771 Η
992 1742 1024 1764 *20
1045 1738 1091 1764 ad-

84 1770 195 1797 mittere
211 1771 243 1799 Q¹
259 1772 267 1804 ΙΙ
282 1773 314 1796 23
333 1779 410 1797 roma
426 1772 459 1800 αξ
473 1774 481 1805 ΙΙ
496 1775 528 1798 29
548 1775 680 1806 posuerat
695 1774 738 1800 570
