1291 1912
55 552 79 571 10

54 774 77 794 15

52 1442 78 1460 30

552 57 615 84 xiv
634 60 648 84 2
1044 59 1106 90 113

96 142 258 180 comperta
287 140 328 170 sit
356 151 459 181 neque
486 139 518 170 id
541 142 649 170 tamen
672 140 705 170 in
729 139 851 181 agenda
875 150 969 171 eausa
993 140 1105 181 probe-

95 186 161 223 tur,
189 187 376 224 oporteatne
405 196 476 215 eum
506 184 678 215 secundum
703 195 752 223 ea,
781 194 862 224 quae
885 184 987 215 sciens
1009 185 1106 224 venit,

96 228 234 260 iudicare
262 240 302 259 311
331 228 503 260 secundum
533 240 582 268 ea,
611 239 691 269 quae
719 228 881 269 aguntur?
931 227 967 259 Id
997 229 1104 260 etiam'
1118 238 1149 261 15

96 273 200 313 inquit
229 273 349 313 ‘quaeri
379 274 472 312 solet,
501 284 541 304 an
565 273 673 304 deceat
696 275 791 313 atque
816 274 984 304 conveniat
1009 274 1105 305 iudici

95 328 189 348 causa
209 318 271 348 iam
293 318 429 359 cognita,
454 318 480 348 si
499 318 634 349 facultas
654 328 721 348 esse
740 317 885 348 videatur
904 318 1105 359 conponendi

95 362 226 403 negotii,
251 362 357 393 officio
382 362 545 403 paulisper
568 362 681 393 iudicis
706 362 804 392 dilato
829 363 1007 394 communis
1029 363 1105 394 ami-

95 407 188 437 citiae
221 409 252 437 et
286 407 375 446 quasi
409 407 621 447 pacificatoris
654 409 758 447 partes
787 407 948 447 recipere?
998 406 1105 448 Atque
1121 416 1150 438 16

95 451 174 481 illud
199 451 336 491 amplius
360 451 481 492 ambigi
505 462 541 482 ac
566 451 704 482 dubitari
728 450 806 490 scio,
833 451 986 482 debeatne
1010 452 1105 483 iudex

96 495 177 526 inter
206 495 461 537 cognoscendum
491 506 540 535 ea,
569 506 649 536 quae
678 495 762 526 dicto
792 497 1000 536 quaesitoque
1025 507 1105 537 opus

94 542 156 578 est,
184 540 287 571 dicere
311 542 342 571 et
366 551 530 580 quaerere,
558 540 695 580 etiamsi,
723 540 813 570 cuius
837 551 872 570 ea
897 540 959 571 dici
984 541 1105 581 quaeri-

95 595 156 625 que
180 585 322 624 interest,
345 595 448 625 neque
472 585 556 615 dicat
580 595 681 625 neque
703 584 866 625 postulet?
908 584 1105 616 Patrocinari

94 629 178 659 enim
204 640 333 669 prorsus
358 629 419 660 hoc
444 640 512 660 esse
536 629 638 669 aiunt,
662 639 727 660 non
751 628 898 660 iudicare.

159 672 290 704 Praeter
322 672 399 704 haec
430 684 526 714 super
554 685 589 704 ea
618 684 744 714 quoque
773 684 805 704 re
834 673 1032 713 dissentitur,
1065 683 1149 706 31117

93 728 131 748 ex
164 728 224 748 usu
255 728 357 758 exque
387 718 493 749 officio
523 718 564 748 sit
593 718 705 749 iudicis
733 729 800 749 rem
830 728 1034 768 causamque,
1068 719 1105 749 de

94 772 155 802 qua
194 763 372 803 cognoscit
410 762 710 793 interlocutionibus
747 762 812 793 suis
849 763 894 793 ita
929 764 1105 813 exprimere

94 807 358 847 consignareque,
384 809 420 837 ut
444 809 516 837 ante
541 807 716 838 sententiae
739 809 865 848 tempus
890 818 928 838 ex
953 808 1000 848 118,
1025 819 1105 848 quae

93 851 177 891 apud
202 862 274 882 eum
299 852 332 882 in
356 862 504 901 piaesens
529 852 659 882 confuse
683 852 832 892 varieque
854 852 1011 892 dicuntur,
1035 863 1105 893 pio

94 895 175 935 inde,
199 898 235 926 ut
259 906 389 936 quoquo
414 897 446 926 'm
470 897 541 927 loco
566 906 602 927 ac
622 898 765 936 tempore
784 899 939 936 movetur,
964 897 1054 938 signa
1074 899 1106 928 et

94 940 210 971 indicia
229 940 325 971 faciat
344 943 450 971 motus
470 943 566 980 atque
584 951 693 971 sensus
709 941 766 971 sui.
803 940 886 971 Nam
903 941 958 982 qui
973 942 1103 972 iudices’
1118 950 1149 973 18

53 996 64 1014 2
94 985 198 1024 inquit
223 985 321 1016 ‘acres
346 987 442 1025 atque
466 985 581 1016 celeres
607 985 766 1025 videntur,
795 996 859 1016 non
883 986 975 1016 aliter
999 986 1105 1017 existi—

92 1032 181 1060 mant
214 1040 294 1069 rem,
333 1040 394 1070 qua
428 1029 466 1060 de
498 1030 618 1071 agitur,
650 1029 794 1071 indagari
827 1030 1106 1071 conprehendique

92 1084 198 1114 posse,
231 1074 292 1104 nisi
326 1074 366 1114 is,
399 1074 453 1114 qui
487 1074 619 1113 iudicat,
652 1074 768 1105 crebris
800 1074 1105 1116 interrogationibus

92 1118 339 1158 necessariisque
368 1118 668 1149 interlocutionibus
697 1120 728 1149 et
752 1129 826 1149 suos
851 1130 960 1150 sensus
984 1120 1106 1160 aperiat

92 1164 123 1193 et
151 1162 347 1204 litigantium
377 1163 600 1204 deprehendat.
648 1162 766 1194 Contra
790 1166 911 1203 autem,
939 1164 994 1203 qui
1019 1163 1150 1194 seda—19

53 1220 64 1238 2
91 1207 188 1238 tiores
221 1210 253 1238 et
285 1207 446 1249 graviores
480 1210 647 1248 putantur,
680 1210 798 1249 negant
826 1208 961 1238 iudicem
991 1208 1104 1239 debere

92 1254 164 1282 ante
184 1252 384 1291 sententiam,
404 1252 479 1282 dum
500 1263 594 1283 causa
613 1252 774 1292 utrimque
789 1253 937 1293 agitatur,
957 1253 1105 1293 quotiens

92 1296 198 1336 aliqua
222 1307 254 1327 re
279 1297 443 1337 proposita
468 1299 574 1327 motus
598 1298 654 1333 est,
679 1297 795 1327 totiens
816 1297 1004 1338 significare,
1029 1297 1105 1337 quid

92 1341 215 1371 sentiat.
258 1340 458 1372 Eventurum
483 1341 566 1372 enim
589 1341 688 1380 aiunt,
711 1343 756 1381 ut,
781 1342 855 1381 quia
875 1352 932 1382 pro
952 1342 1106 1372 varietate

92 1385 348 1425 propositionum
395 1388 721 1427 argumentorumque
763 1386 844 1416 alius
886 1388 981 1426 atque
1024 1386 1106 1417 alius

92 1431 198 1459 motus
228 1430 325 1460 animi
354 1430 522 1470 patiendus
552 1432 612 1469 est,
641 1430 733 1461 aliter
760 1432 856 1469 atque
880 1430 973 1461 aliter
996 1430 1105 1461 eadem

91 1473 124 1504 in
157 1484 251 1504 causa
284 1474 458 1514 eodemque
491 1475 524 1505 in
555 1476 698 1515 tempore
727 1475 843 1505 sentire
872 1477 903 1505 et
931 1475 1104 1515 interloqui

91 1518 268 1548 videantur.

159 1561 220 1593 Sed
245 1562 282 1593 (18
304 1562 364 1593 1118’
386 1563 490 1603 inquit
512 1563 554 1594 ‘et
574 1563 686 1594 ceteris
706 1562 925 1594 huiuscemodi
946 1563 1103 1594 iudicialis
1115 1572 1148 1594 20

164 1680 176 1702 1
198 1677 332 1710 probatur
351 1687 371 1702 ω
391 1686 458 1704 corr.
477 1677 554 1711 Mcly.
570 1679 578 1709 ss
594 1679 608 1702 9
629 1677 832 1711 (111(3)881;10(]118
852 1679 941 1703 ΝΟΠ
962 1678 1104 1710 quaesitu-

92 1720 144 1744 que
165 1712 197 1738 0²
221 1721 292 1745 quae
313 1713 480 1746 quesituque
500 1713 664 1746 questioque
683 1715 707 1738 X
721 1715 730 1746 n
746 1716 778 1738 10
801 1715 828 1739 et
847 1722 896 1739 om.
918 1715 938 1741 Q
952 1715 960 1745 Η
977 1716 1008 1738 16
1029 1713 1104 1746 111(118

91 1749 200 1774 ΝΟΠΖ
215 1750 223 1781 ΙΙ
239 1751 271 1773 30
292 1748 374 1774 aliter
384 1750 466 1782 prins
481 1757 530 1775 om.
547 1749 569 1775 δ
583 1750 591 1781 Η
607 1751 639 1774 33
659 1748 799 1774 huismodi
816 1758 835 1782 γ

145 1797 252 1817 Genu-s
268 1798 302 1817 ed.
320 1798 428 1817 Hosius
444 1798 468 1817 11
931 1796 946 1819 8
