1266 1902
174 71 235 102 178
583 70 644 96 ΧΠ
665 74 710 102 11;
732 74 762 96 12

173 152 365 192 serpentium
396 152 623 183 virulentorum
653 151 825 182 domitores
850 152 914 182 sint
937 154 968 182 et
991 152 1177 182 incentioni-

173 197 232 227 bus
266 196 498 235 herbarumque
531 196 614 226 sucis
646 195 764 226 faciant
795 196 987 226 medelarum
1016 196 1177 227 miracula.

146 248 161 271 3
239 240 307 270 Hac
331 240 438 270 eadem
459 241 489 270 vi
509 241 668 280 praeditos
688 251 755 271 esse
775 239 927 279 quosdam
947 241 1099 279 videmus,
1123 240 1177 281 qui

172 284 273 325 Psylli
296 286 457 315 vocantur.
500 284 641 321 Quorum
661 295 756 324 super
774 285 902 315 nomine
921 287 952 315 et
971 295 1085 325 genere
1104 295 1176 315 oum

172 329 205 359 ’111
238 328 396 359 veteribus
429 329 543 359 litteris
577 329 782 369 quaesissem,
814 329 847 359 in
880 330 1013 368 quarto
1042 329 1177 369 denique

172 372 357 403 Herodoti
394 372 493 403 libro
528 374 664 411 (0173)
694 372 835 403 fabulam
873 373 911 403 de
943 372 1059 413 Psyllis
1095 373 1177 403 hano

145 417 363 448 4invenimus:
402 416 526 458 Psyllos
564 417 723 456 quondam
758 417 856 447 fuisse
888 417 922 447 in
953 419 1036 448 terra
1069 416 1178 447 Africa

173 462 386 492 conterminos
401 460 636 492 Nasamonibus
652 461 869 501 Austrumque
888 462 922 492 in
936 461 1052 492 finibus
1068 472 1176 492 eorum

172 505 308 545 quodam
348 506 380 536 in
417 508 559 546 tempore
593 517 744 546 perquam
777 505 916 536 validum
950 516 986 536 ao
1019 506 1176 536 diutinum

146 550 310 589 5flavisse3
343 561 379 580 eo
411 549 487 580 flatu
516 561 631 590 aquam
661 561 785 581 omnem
815 550 848 580 in
874 550 967 589 loeis,
1000 549 1033 580 in
1061 549 1176 590 quibus

146 594 332 634 ocolebant,
365 594 536 633 exaruisse3
569 594 694 635 Psyllos
722 605 755 625 re
783 594 913 634 aquaria
941 593 1080 624 defectos
1108 604 1176 624 eam

172 638 318 669 iniuriam
346 639 484 679 graviter
507 637 625 669 Austro
650 638 863 669 suscensuisse
888 638 1112 678 decretumque
1135 637 1177 668 fe-

172 683 260 722 cisse7
283 683 330 713 uti
354 683 449 713 armis
474 683 609 723 sumptis
634 683 672 713 ad
691 682 844 713 Austrum
869 683 1000 722 proinde
1025 683 1115 722 quasi
1138 682 1178 712 ad

147 726 296 758 Thostein
321 728 388 757 iure
413 727 487 757 belli
511 738 559 757 res
584 727 719 767 petitum
743 727 1026 767 proficiscerentur.
1071 726 1178 766 Atque

172 772 216 802 ita
244 772 395 811 profectis
423 773 553 801 ventum
578 771 730 802 Austrum
756 782 872 812 magno
897 771 1027 811 spiritus
1050 770 1177 812 agmine

172 816 294 846 venisse
324 815 448 846 obviam
479 826 593 855 eosque
623 816 785 846 universos
810 826 880 846 cum
907 815 1052 845 omnibus
1077 814 1177 855 copiis

171 860 330 899 armisque
359 860 494 890 cumulis
522 860 746 900 montibusque
770 860 958 890 harenarum
983 859 1177 899 superventis

146 905 341 944 soperuisse.
384 904 431 935 Eo
456 904 540 935 facto
562 904 687 944 Psyllos
712 904 751 934 ad
774 915 871 934 unum
898 904 999 934 omnis
1024 903 1178 942 interisse,

172 949 278 988 itaque
303 959 411 979 eorum
436 949 513 979 fines
538 960 556 979 a
579 948 813 979 Nasamonibus
839 950 1018 988 occupatos.

644 1036 704 1067 XII

171 1098 211 1123 De
232 1098 274 1123 his
293 1097 448 1129 vocabulis,
471 1106 542 1130 quae
562 1097 685 1123 Cloatius
705 1097 792 1123 Verus
812 1098 860 1122 aut
879 1096 947 1122 satis
967 1096 1109 1121 commode
1129 1096 1177 1121 aut

207 1133 288 1159 nimis
304 1133 423 1159 absurde
438 1135 466 1158 et
480 1133 603 1166 inlepide
619 1133 654 1158 ad
670 1132 789 1166 origines
804 1132 917 1165 linguae
928 1131 1050 1157 Graecae
1065 1131 1175 1164 redigit.

147 1206 157 1227 1
239 1195 411 1227 Cloatius
434 1196 554 1227 Verus
578 1197 610 1227 in
634 1196 732 1235 libris,
756 1207 835 1236 quos
860 1194 1022 1235 inscripsit
1046 1194 1176 1225 verbo-

171 1252 250 1271 rum
279 1252 297 1271 a
322 1240 473 1271 Graecis
502 1244 724 1280 tractorum,
751 1251 816 1270 non
844 1250 944 1280 pauca
970 1239 1075 1270 hercle
1099 1239 1176 1269 dicit

172 1285 293 1316 curiose
318 1288 349 1315 et
370 1285 526 1326 sagaciter
545 1285 731 1325 conquisita,
753 1295 856 1324 neque
874 1294 939 1314 non
958 1285 1065 1314 tamen
1084 1294 1176 1322 quae-

145 1329 243 1360 2dam
267 1330 387 1360 futtilia
411 1332 442 1359 et
466 1329 587 1360 frivola.
629 1329 763 1359 Errare
788 1328 892 1367 inquit
911 1334 953 1367 (p.
969 1330 1008 1358 31
1023 1327 1076 1365 Ε.)
1101 1327 1175 1357 dic-

172 1375 248 1404 tum
274 1376 329 1404 est
354 1373 424 1404 ἀπὸ
449 1378 516 1404 τοῦ
538 1372 668 1414 ἔρρειν
687 1383 875 1412 versumque
894 1372 990 1402 infert
1009 1371 1176 1411 Homeri,

172 1418 204 1448 in
228 1429 291 1457 quo
315 1418 347 1448 id
371 1418 503 1448 verbum
527 1420 575 1448 est
598 1417 670 1456 (Od.
688 1417 722 1447 Χ
736 1418 806 1453 72):

215 1478 288 1519 ἔρρ’
318 1479 356 1510 ἐκ
381 1481 500 1520 νήσου
524 1483 689 1518 θᾶσσον,
714 1477 910 1518 ἐλέγχιστε
937 1478 1119 1515 ζωόντων.

241 1588 273 1609 26
294 1584 381 1609 Varro
397 1584 412 1609 l.
430 1584 446 1609 l.
463 1584 499 1609 Vl
516 1588 556 1615 11),
573 1587 605 1609 96

242 1684 256 1706 3
281 1682 438 1714 praedictos
459 1682 520 1709 ΨΧ
534 1683 542 1714 Η
560 1684 590 1706 14
612 1689 654 1706 res
674 1682 728 1714 pet.
749 1688 812 1706 rasa
832 1689 843 1705 s
865 1682 884 1707 Q.
908 1688 950 1705 res
970 1678 1118 1712 repetitum
1138 1686 1152 1703 σ
1167 1678 1175 1713 Η

173 1720 204 1743 16
220 1725 307 1750 eoque
320 1718 377 1742 ΟΠ
390 1717 467 1749 Eque
482 1717 518 1741 X¹
533 1718 541 1749 Η
557 1720 587 1742 17
604 1715 744 1742 montibus
760 1716 794 1741 Π
805 1717 813 1748 ΙΙ
828 1718 860 1740 26
877 1715 972 1740 facilia
985 1717 1009 1739 X
1023 1717 1031 1747 n
1046 1716 1079 1739 ‘29
1096 1714 1175 1739 ΝΗΕ-

172 1753 241 1779 COY
256 1755 326 1778 ΝΟΖ
347 1752 484 1778 NECCOY
500 1753 560 1777 Hx

1226 1785 1230 1798 Ι
