1266 1902
187 51 249 82 272
616 51 677 77 XIX
697 54 725 83 83
746 54 760 77 9

187 132 384 172 Varronis,
404 133 457 173 qui
477 132 648 173 inscriptus
668 134 715 163 est
734 132 996 178 Ecdemffisicus
1012 134 1064 172 (fr.
1076 135 1117 163 93
1127 132 1188 171 R).

145 177 351 208 18‘Harenas’
389 179 495 207 autem
532 179 762 216 πληθυντικῶς
799 177 897 207 dictas
930 177 1051 207 minore
1085 177 1189 208 studio

187 221 375 261 quaerimus,
400 221 474 260 quia
498 223 622 261 praeter
647 220 678 251 C.
703 220 911 260 Caesarem,
935 221 1020 261 quod
1044 221 1189 261 equidem

188 265 397 304 meminerim,
421 276 513 295 nemo
538 265 569 295 id
594 265 758 296 doctorum
783 264 947 295 hominum
972 265 1065 296 dedit.

666 352 712 384 IX

188 414 204 437 ὅ
210 414 323 439 Antonii
344 413 443 439 Iuliani
468 414 496 439 in
521 413 644 439 convivio
669 413 704 439 ad
726 413 859 446 quosdam
880 413 997 439 Graecos
1017 413 1190 447 lepidissima

222 449 394 484 responsio.)

162 520 172 541 1
254 511 447 543 Adulescens
480 523 496 543 e
529 514 612 544 terra
639 512 716 543 Asia
749 513 786 543 de
819 513 956 553 equestri
988 513 1059 543 loco
1090 512 1189 543 laetae

188 557 302 587 indolis
326 556 532 597 moribusque
555 559 586 588 et
610 557 737 588 fortuna
762 557 840 588 bene
866 559 994 588 ornatus
1017 559 1048 587 et
1067 556 1104 587 ad
1124 567 1189 587 rem

188 601 339 631 musicam
364 601 449 631 facili
474 601 601 642 iugenio
626 611 662 632 ac
685 601 807 632 lubenti
831 612 939 632 cenam
965 600 1060 631 dabat
1081 600 1189 631 amicis

187 657 223 676 ac
256 645 415 686 magistris
449 646 506 676 sub
541 645 618 676 urbe
650 646 684 676 in
715 646 841 676 rusculo
875 645 1078 676 celebrandae
1111 645 1190 675 lucis

161 697 318 729 2ann11ae,
343 700 437 730 quam
462 690 637 730 principem
662 689 722 720 sibi
746 690 828 720 vitae
849 689 1010 720 habuerat.
1052 688 1197 719 Venerat

188 737 255 765 tum
279 733 444 764 nobiscum
469 734 507 764 ad
532 734 661 765 eandem
682 745 789 765 cenam
810 733 999 764 Antonius
1019 732 1190 764 Iulianus

188 778 307 817 rhetor,
337 778 484 809 docendis
514 778 639 819 publice
665 778 831 809 iuvenibus
855 778 1018 819 magister,
1046 776 1190 817 Hispano

189 833 241 853 ore
269 822 473 862 florentisque
502 822 598 853 homo
626 822 790 853 facundiae
819 824 849 852 et
872 833 976 852 rerum
1001 822 1190 852 litterarum-

162 873 248 906 3que
276 869 417 897 veterum
447 867 575 907 peritus.
622 866 666 906 Is,
693 867 747 897 ubi
776 867 887 897 eduliis
916 866 987 896 fim's
1014 868 1045 896 et
1068 865 1190 906 poculis

188 922 262 941 mox
292 911 552 951 sermonibusque
578 913 703 951 tempus
727 911 800 950 fuit,
829 910 1017 941 desideravit
1041 909 1191 948 exhiberi,

189 966 267 995 quos
305 955 420 985 habere
458 967 528 986 eum
567 955 798 986 adulescentem
837 955 969 994 sciehat,
1006 954 1190 984 scitissimos

188 1000 352 1039 utriusque
381 1011 486 1039 sexus,
516 1000 569 1040 qui
598 1001 745 1030 canerent
772 1010 849 1030 voce
879 1001 909 1029 et
934 999 988 1038 qui
1012 997 1190 1038 psallerent.

162 1051 176 1072 4
188 1043 235 1074 Ac
254 1045 461 1084 posteaquam
481 1044 654 1074 introducti
674 1043 762 1084 pueri
780 1044 965 1083 puellaeque
981 1044 1063 1082 sunt,
1083 1042 1190 1073 iucun-

189 1088 263 1118 dum
283 1088 316 1118 in
335 1088 464 1118 modum
478 1087 769 1129 Ἀνοεκρεόντεια
789 1088 938 1127 pleraque
955 1089 986 1117 et
1002 1085 1191 1126 Sapphica

189 1134 220 1162 et
248 1134 442 1172 poetarum
474 1143 598 1173 quoque
627 1131 835 1163 recentium
865 1131 1013 1170 ἐλεγεῖα
1038 1130 1191 1170 quaedam

163 1176 306 1206 heretica
334 1176 438 1207 dulcia
462 1180 493 1207 et
517 1179 648 1207 venusta
672 1176 859 1206 cecinerunt.
906 1174 1063 1205 Oblectati
1086 1176 1191 1204 autem

189 1231 297 1251 sumus
327 1223 450 1260 praeter
475 1221 575 1251 multa
599 1220 660 1251 alia
684 1220 846 1250 versiculis
870 1219 1073 1260 lepidissimis
1097 1217 1192 1248 Ana-

189 1265 355 1295 creontis
380 1265 471 1305 senis,
496 1276 575 1304 quos
599 1265 743 1305 equidem
768 1264 888 1304 scripsi,
911 1265 946 1294 ut
965 1263 1084 1293 interea
1103 1262 1192 1292 labor

188 1309 240 1339 hic
272 1309 453 1350 vigiliarum
487 1311 518 1339 et
550 1309 673 1349 inquies
707 1308 861 1339 suavitate
890 1307 1051 1348 paulisper
1078 1316 1190 1336 vocum

189 1355 284 1393 atque
309 1353 508 1383 modulorum
534 1353 749 1393 adquiesceret
772 1351 881 1390 (PLG
897 1351 960 1382 HI
969 1362 1001 1390 p.
1017 1353 1082 1381 298
1097 1349 1191 1389 Be.4):

164 1421 178 1444 6
423 1415 489 1446 τὸν
514 1416 687 1456 ἄργυρον
711 1414 899 1453 πορεύσας

415 1458 608 1499 ἼΙφαιστέ
629 1470 691 1499 μοι
716 1459 881 1498 ποίησον

263 1559 274 1580 1
291 1555 477 1581 exdemeticus
493 1557 509 1579 Z
525 1554 705 1579 exdemiticus
722 1556 741 1581 Q
756 1553 955 1579 exdemetricus
967 1552 1039 1585 (dcis
1049 1554 1082 1584 X)
1092 1561 1110 1585 γ
1125 1559 1191 1578 corr.

197 1591 295 1617 Vahlen
311 1592 319 1623 Η
335 1594 349 1615 4
365 1590 571 1616 exmeminerim
583 1590 604 1615 δ
617 1597 619 1620 l
633 1589 738 1614 decidit
748 1590 871 1615 Eussner
885 1590 892 1621 Η
910 1591 938 1613 11
954 1588 1003 1613 sub
1014 1587 1082 1613 urbe
1093 1596 1141 1613 om.
1153 1595 1170 1620 γ
1187 1588 1189 1620 l

190 1626 298 1651 tusculo
313 1629 335 1650 N
350 1628 357 1659 Η
375 1629 404 1651 12
425 1626 467 1651 sui
482 1628 506 1649 X
525 1633 589 1650 suae
607 1626 640 1650 11
651 1625 659 1657 Η
676 1627 707 1649 14
723 1632 808 1657 spano
825 1626 915 1656 OZgX)
930 1624 938 1655 Η
953 1626 984 1648 21
1001 1622 1193 1648 ὰΝὰΚΡΕΟΝ-

191 1662 245 1687 Tm
259 1662 314 1693 fere
329 1671 348 1686 ω
363 1663 371 1694 Η
387 1664 418 1686 2-2
439 1660 546 1693 elegeia
562 1661 592 1685 Π
613 1660 646 1685 de
662 1668 689 1685 se
706 1660 799 1693 itaque
815 1661 835 1687 Q
855 1662 945 1684 adese.
961 1659 1003 1683 Ita
1017 1660 1034 1682 Ζ
1048 1659 1056 1691 Η
1072 1660 1103 1682 24
1123 1657 1192 1690 lepi-

191 1697 303 1722 dissime
324 1699 343 1725 Q
358 1698 365 1729 Η
381 1700 413 1722 25
434 1697 461 1722 et
480 1696 593 1729 quidem
613 1697 634 1728 (t
653 1704 685 1721 ex
705 1704 718 1720 c
738 1697 767 1728 Q)
787 1693 938 1722 NOQxffzff
960 1695 987 1719 et
1006 1693 1135 1726 equidem
1153 1695 1170 1717 Z
1184 1691 1193 1726 Η

191 1735 223 1757 26
243 1732 299 1766 hic]
316 1741 331 1760 ς
351 1732 404 1757 huc
420 1742 439 1757 ω
1237 1737 1238 1740 ’
