1266 1902
88 239 92 242 ”
112 249 126 272 8

112 383 125 404 9

95 516 127 538 10

94 782 123 804 11

94 1135 124 1158 12

138 71 179 102 32
600 72 649 97 ΧΠ
669 75 683 97 2

138 153 218 183 dam
246 152 321 183 fuit
349 153 620 193 suaviloquens
650 153 882 193 iucunditas⁷
910 155 941 184 et
970 153 1055 193 quod
1081 154 1143 184 alio

138 197 170 227 in
193 197 265 228 loco
289 197 403 227 dixerit
423 197 527 235 (‘ibd.):
551 197 899 237 breviloquentiam
924 198 960 228 in
985 198 1143 228 dicendo

139 242 246 272 colat.
298 240 403 280 Atque
435 241 479 272 ibi
507 241 604 271 homo
633 243 771 282 nugator
800 241 994 272 Ciceronis
1023 252 1143 273 errores

138 285 324 326 deprecatur
338 287 381 316 et:
402 296 473 316 non
494 285 568 316 fuit
583 286 687 326 inquit
703 285 896 316 Ciceronis
911 285 981 317 hoc
995 286 1144 324 vitium,

138 330 200 361 sed
229 330 425 369 temporis3
454 340 608 361 necesse
636 332 716 360 erat
739 329 830 360 haec
855 330 942 369 dici,
971 341 1049 361 cum
1076 331 1144 361 illa
1172 341 1183 360 5

138 375 362 415 legerentur.
409 373 532 404 Deinde
555 374 706 405 adscribit
730 373 948 405 Ciceronem
972 375 1049 405 haec
1075 375 1143 415 ipsa

138 418 364 458 interposuisse
392 418 431 448 ad
459 418 671 459 effugiendam
700 419 863 449 infamiam
890 419 985 449 nimis
1008 419 1144 450 lascivae

137 462 289 493 orationis
313 464 344 492 et
367 462 494 493 nitidae.

203 506 251 537 De
279 506 453 547 Vergilio
488 517 615 547 quoque
645 507 753 537 eodem
784 507 817 537 in
844 508 914 538 loco
943 507 1039 538 verba
1065 506 1143 537 haec

138 551 241 591 ponit:
256 550 453 592 Vergilius
474 562 622 591 quoque
640 553 862 582 nosternon
881 562 923 582 ex
942 551 1016 582 alia
1032 561 1143 582 causa
1159 562 1183 581 10

139 595 250 625 duros
284 595 464 635 quosdam
498 606 628 626 versus
661 597 696 626 et
729 606 898 626 enormes
931 598 967 626 et
997 595 1143 635 aliquid

138 650 250 680 supra
283 650 493 670 mensuram
527 639 716 670 trahentis
749 640 996 680 interposuit,
1034 650 1142 680 quam

137 685 177 714 ut
198 683 393 714 Ennianus
418 685 584 724 populus
608 684 859 725 adgnosceret
883 684 920 714 in
944 694 1040 715 novo
1065 694 1142 714 car-

138 728 235 758 mine
259 728 406 768 aliquid
430 728 684 768 antiquitatis.

204 771 265 802 Sed
298 773 360 802 iam
394 773 562 803 verborum
597 772 759 803 Senecae
791 773 892 813 piget3
927 772 1004 803 haec
1036 774 1143 802 tamen
1158 783 1181 802 15

137 817 236 857 inepti
265 818 296 847 et
324 817 462 847 insubidi
492 816 630 847 hominis
655 817 723 847 ioca
747 827 811 847 non
835 816 1026 857 praeteribo:
1056 815 1141 852 Qui-

138 861 217 891 dam
256 864 342 891 sunt
379 861 484 901 inquit
521 864 594 891 tam
627 861 752 902 magni
786 872 916 891 sensus
950 860 983 897 Q.
1014 859 1141 899 Ennii,

136 907 189 945 ut,
226 905 317 935 licet
355 906 490 945 scripti
528 906 604 936 sint
639 906 738 936 inter
770 904 956 944 hircosos,
993 905 1142 945 possint

136 952 260 979 tamen
285 950 384 980 inter
407 952 664 990 unguentatos
688 951 851 990 placere;
876 951 920 989 et,
944 959 1015 979 cum
1038 960 1141 989 reple

136 994 296 1024 hendisset
320 1005 437 1033 versus,
461 1004 540 1034 quos
565 1005 660 1034 supra
681 994 718 1024 de
738 993 856 1035 Cetego
876 994 1053 1034 posuimus:
1078 993 1141 1033 qui
1157 1004 1181 1022 20

136 1038 398 1068 huiuscemodi
432 1038 535 1078 inquit
567 1049 697 1069 versus
725 1040 863 1077 amant,
895 1039 1041 1077 liqueat
1069 1037 1140 1068 tibi

137 1082 284 1113 eosdem
309 1083 487 1113 admirari
512 1085 547 1113 et
572 1082 735 1113 Soterici
760 1083 889 1113 lectos.

203 1126 327 1167 Dignus
361 1137 434 1157 sane
464 1125 602 1157 Seneca
635 1127 778 1157 videatur
808 1126 942 1157 lectione
971 1136 1007 1156 ac
1035 1125 1139 1156 studio

136 1171 394 1210 adulescentium,
418 1171 473 1210 qui
496 1171 648 1201 honorem
674 1172 874 1211 coloremque
893 1170 1006 1201 veteris
1027 1170 1139 1200 oratio-

136 1215 184 1245 nis
214 1214 347 1245 Soterici
380 1215 469 1246 lectis
503 1215 694 1255 compararit
726 1215 816 1255 quasi
845 1215 992 1245 minimae
1021 1214 1140 1244 scilicet
1155 1225 1180 1244 25

94 1268 125 1290 13
136 1259 256 1299 gratiae
285 1262 315 1289 et
342 1260 460 1289 relictis
489 1260 550 1289 iam
581 1260 842 1299 contemptisque.
888 1258 1007 1289 Audias
1034 1260 1140 1288 tamen

137 1304 377 1333 commemorari
409 1314 445 1334 ac
478 1304 587 1334 referri
619 1314 719 1344 pauca
750 1303 915 1343 quaedam,
948 1313 1028 1342 quae
1056 1302 1137 1332 idem

136 1347 203 1387 ipse
233 1346 372 1378 Seneca
406 1348 484 1378 bene
516 1348 642 1385 dixerit,
675 1348 766 1388 quale
795 1349 842 1378 est
870 1347 960 1385 illud,
994 1347 1078 1386 quod
1106 1346 1138 1376 in

135 1391 297 1422 hominem
335 1403 463 1422 avarum
501 1394 532 1422 et
569 1392 696 1422 avidum
734 1394 765 1422 et
797 1392 947 1432 pecuniae
980 1391 1137 1421 sitientem

137 1435 228 1465 dixit:
254 1435 349 1472 Quid
369 1437 465 1466 enim
485 1436 616 1475 refert,
636 1439 815 1476 quantum
835 1435 994 1466 habeas?
1018 1435 1137 1465 multo
1153 1446 1178 1464 30

94 1480 232 1510 14illud
265 1480 349 1519 plus
383 1483 451 1519 est,
485 1481 581 1520 quod
614 1491 687 1511 non
720 1480 841 1510 habes.
898 1479 1022 1510 Benene
1055 1479 1138 1509 hoc?

136 1523 215 1553 bene
239 1534 326 1559 sane;
350 1525 403 1554 sed
427 1525 675 1555 adulescentium
695 1525 832 1554 indolem
852 1534 917 1554 non
935 1526 999 1554 tam
1020 1524 1138 1561 iuvant,

137 1578 216 1607 quae
245 1567 323 1598 bene
353 1568 436 1598 dicta
464 1571 550 1608 sunt,
579 1580 673 1608 quani
702 1569 860 1607 inficiunt,
889 1579 969 1608 quae
994 1567 1138 1608 pessime

208 1649 238 1669 18
259 1647 289 1670 ut
309 1654 356 1671 nm
376 1647 397 1671 d
412 1648 419 1678 Η
436 1648 466 1670 19
487 1648 581 1671 11111611
601 1646 670 1681 (et)
691 1647 780 1672 Heus(
797 1646 800 1680 l
817 1645 1058 1679 reprehendissent
1073 1646 1114 1669 ΒΖ

136 1683 166 1705 )1
184 1680 309 1713 liqueant
324 1682 388 1707 dx
403 1681 455 1706 sibi
472 1691 491 1706 ω
506 1690 572 1707 corr
591 1684 637 1708 (rr.
653 1684 661 1715 Η
677 1684 708 1707 23
728 1682 860 1715 Indignus
876 1681 919 1707 Slc.
933 1682 1012 1715 jsane
1028 1689 1076 1706 om.
1094 1681 1115 1705 ὀ
1130 1674 1137 1712 ll

136 1718 167 1740 31
180 1715 300 1749 Benene]
311 1718 330 1740 B
345 1716 414 1741 bene
426 1724 513 1749 neque
525 1720 541 1741 Z
557 1718 625 1743 bene
637 1727 656 1742 ω
672 1719 680 1750 [1
695 1720 727 1742 32
739 1717 807 1742 benc
818 1717 895 1751 sane]
907 1719 925 1741 B
939 1724 1003 1741 sane
1014 1716 1083 1741 bene
1095 1726 1114 1740 ω
1130 1717 1137 1748 Η

136 1753 167 1776 33
187 1751 270 1785 pesa]
291 1751 433 1784 sepissime
449 1753 466 1777 ό
