1291 1912
522 29 598 56 XVII
617 32 649 56 21
1026 29 1088 60 227

84 123 161 154 pore
179 112 298 143 bellum
319 110 510 143 Senonicum
530 111 601 151 fuit,
621 121 691 142 cum
713 109 796 142 Galli
811 110 947 142 Romam
966 113 1092 151 praeter
1101 119 1134 142 22

85 156 276 198 Capitolium
301 158 460 196 ceperunt.

148 200 260 242 Neque
284 201 385 231 multo
410 203 520 241 postea
543 199 722 230 Eudoxus
746 200 926 241 astrologus
950 200 983 230 in
1006 202 1090 230 terra
1101 208 1133 231 ‘23

84 245 214 277 Graecia
236 245 424 276 nobilitatus
449 247 505 285 est,
528 244 832 285 Lacedaemoniique
856 244 895 275 ab
917 243 1090 275 Athenien-

57 303 68 322 ⁶
83 290 170 321 sibus
202 289 286 330 apud
319 288 507 320 Corinthum
542 289 680 330 superati
714 289 792 320 duce
820 288 1027 328 Phormione,
1059 291 1091 319 et
1101 297 1133 319 24

82 334 123 365 M.
147 334 284 365 Manlius
309 333 442 373 Romae,
471 334 526 373 qui
551 332 659 364 Gallos
688 334 721 364 in
750 333 916 364 obsidione
940 332 1090 374 Capitolii

83 378 264 419 obrepentis
284 389 340 419 per
358 378 455 409 ardua
475 378 648 418 depulerat,
672 378 835 408 convictus
855 380 903 408 est
921 377 1089 408 consilium

81 422 120 454 de
142 433 240 464 regno
266 423 447 463 occupando
473 422 569 453 inisse
593 423 823 462 damnatusque
845 422 958 463 capitis
978 433 995 453 e
1014 433 1089 453 saxo

81 466 230 508 Tarpeio,
254 470 290 498 ut
313 466 354 498 M.
379 466 497 497 Varro
522 467 642 503 (annal.
664 466 728 497 III
740 468 780 506 fr.
800 468 823 497 2
842 466 896 500 Ρ.)
920 466 978 506 ait,
1001 477 1089 507 prae-

42 524 67 544 ιο
82 522 155 552 ceps
175 512 275 551 datus,
295 514 331 542 ut
348 510 547 542 Cornelius
567 513 673 542 autem
688 510 815 551 Nepos
831 511 995 550 (cleronfr.
1006 512 1024 541 5
1036 510 1088 550 P.)

81 556 234 597 seriptum
263 556 405 596 reliquit,
433 555 627 586 verberando
651 558 781 586 necatus
805 558 865 595 est3
894 566 995 595 eoque
1019 556 1089 596 ipso
1100 563 1132 586 25

80 611 177 640 anno,
219 601 272 641 qui
314 602 381 631 erat
421 602 495 640 post
531 600 738 640 reciperatam
776 600 886 630 urbem
926 600 1089 640 septimus,

80 643 327 676 Aristotelem
348 644 577 685 philosophum
597 647 707 675 natum
727 655 795 675 esse
814 645 985 675 memoriae
1003 655 1089 675 man-

80 689 188 720 datum
213 691 267 720 est.

0 767 1 772 ¹
41 745 65 765 ιε»
145 732 280 774 Aliquot
304 733 415 764 deinde
439 734 530 764 annis
554 735 628 774 post
651 733 771 764 bellum
797 732 987 763 Senonicum
1009 733 1087 763 The·
1099 741 1131 764 ‘26

83 778 153 808 bani
181 777 447 809 Lacedaemonios
481 778 559 809 duce
587 777 810 818 Epaminonda
840 777 924 818 apud
953 777 1088 808 Leuctra

79 824 319 863 superaverunt,
352 833 388 853 ac
421 822 508 853 brevi
541 824 615 863 post
645 825 788 863 tempore
817 822 850 852 in
878 821 956 852 urbe
984 821 1087 852 Roma
1098 830 1131 853 27

78 867 149 908 lege
176 866 291 898 Licinii
320 866 462 898 Stolonis
495 867 639 897 consules
674 867 772 897 creari
803 866 899 897 etiam
928 877 966 897 ex
994 866 1088 907 plebe

79 912 197 952 coepti,
223 921 294 942 cum
319 914 410 942 antea
434 912 482 942 ins
506 922 571 942 non
595 913 677 942 esset
700 911 762 941 nisi
786 922 823 941 ex
847 911 989 951 patriciis
1014 921 1087 952 gen-

39 967 64 987 20
79 955 164 986 tibus
188 956 257 987 fieri
281 956 450 987 consulem.

145 999 235 1031 Circa
268 1011 385 1031 annum
414 1000 525 1031 deinde
553 1000 641 1031 urbis
671 1000 816 1031 conditae
845 1000 1131 1041 quadringente-*28

79 1045 193 1075 simum
229 1044 411 1085 Philippus,
447 1044 606 1085 Amyntae
643 1045 742 1084 filius,
779 1044 951 1075 Alexandri
989 1046 1087 1084 pater,

77 1099 211 1130 regnum
243 1089 446 1120 Macedoniae
482 1089 614 1130 adeptus
648 1092 707 1129 est,
744 1090 841 1129 inque
874 1099 910 1119 eo
944 1091 1087 1129 tempore

78 1133 257 1164 Alexander
279 1136 372 1164 natus
397 1136 452 1173 est,
477 1134 649 1174 paucisque
673 1134 745 1164 inde
769 1133 860 1164 annis
884 1135 957 1173 post
976 1132 1085 1163 Plato
1097 1141 1129 1163 29

39 1190 63 1209 25
79 1178 290 1219 philosophus
314 1178 353 1209 ad
376 1178 568 1219 Dionysium
589 1177 716 1209 Siciliae
739 1180 909 1218 tyrannum
934 1177 1086 1218 posterio-

78 1233 144 1252 rem
184 1222 342 1263 profectus
380 1225 440 1263 est3
482 1225 555 1263 post
593 1222 704 1253 deinde
741 1222 905 1262 aliquanto
942 1224 1086 1262 tempore
1097 1229 1130 1253 30

78 1266 246 1307 Philippus
275 1268 358 1308 apud
383 1267 598 1298 Chaeroneam
627 1268 748 1308 proelio
774 1277 890 1307 magno
914 1265 1086 1297 Athenien-

79 1322 127 1341 ses
156 1311 238 1342 vicit.
285 1311 365 1342 Tum
392 1311 666 1343 Demosthenes
697 1314 803 1342 orator
831 1322 869 1341 ex
898 1322 934 1341 eo
963 1311 1085 1351 proelio
1097 1319 1127 1341 31

79 1356 212 1386 salutem
240 1356 317 1397 fuga
345 1357 514 1397 quaesivit,
545 1366 680 1396 cumque
708 1356 740 1386 id
769 1356 810 1395 ei,
839 1355 923 1395 quod
952 1355 1086 1396 fugerat,

39 1412 64 1431 3⁰
79 1399 230 1440 probrose
260 1400 448 1440 obiceretur,
479 1412 570 1431 versu
600 1401 655 1431 illo
684 1400 851 1431 notissimo
881 1400 975 1430 elusit
1003 1399 1087 1439 (Me-

79 1445 173 1474 mmd,
190 1447 312 1475 monost.
327 1446 395 1484 45):

123 1496 206 1538 ἀνὴρ
231 1498 334 1538 inquit
357 1498 373 1530 ὁ
398 1499 532 1539 φεύγων
555 1498 607 1528 καὶ
632 1498 731 1528 πάλιν
755 1499 938 1538 μαχήσεται.

150 1578 182 1601 32
203 1576 326 1609 Apostoli
342 1576 379 1602 111
395 1579 440 1602 19⁸
454 1576 590 1609 Leutsch.‚
610 1576 657 1601 cfr.
675 1575 747 1607 Otto,
764 1575 895 1609 Sprichw.
911 1584 937 1609 p.
955 1578 1004 1601 148

150 1650 162 1672 1
193 1647 263 1672 Tum
286 1656 304 1680 γ
327 1649 335 1679 Η
359 1650 374 1672 3
403 1647 536 1673 eudoxius
561 1648 583 1673 ό
605 1648 614 1680 ΙΙ
638 1650 652 1673 5
679 1647 813 1672 formione
838 1657 858 1672 ω
881 1648 890 1680 Η
914 1649 928 1672 6
953 1647 1084 1672 manilius

79 1682 208 1708 dn¹o²x
222 1685 230 1715 ΙΙ
247 1686 259 1707 ῖ
281 1682 405 1716 epulerat
421 1685 438 1707 Z
453 1684 460 1715 ΙΙ
476 1685 491 1708 8
512 1691 525 1708 e
541 1691 590 1708 om.
606 1692 624 1716 γ
644 1690 675 1708 ex
691 1690 758 1708 auso
774 1683 806 1711 αἱ
822 1684 830 1715 ΙΙ
846 1684 877 1707 18
897 1682 1024 1708 istolonis
1040 1683 1062 1708 δ
1076 1684 1084 1716 ᾗ

79 1720 109 1743 21
131 1717 201 1743 Cura
222 1718 344 1744 omnium
360 1720 380 1746 Q,
393 1720 402 1751 Ιξ
418 1721 448 1743 27
469 1717 650 1752 philosophus
666 1719 688 1744 δ
702 1720 710 1751 ΙΙ
726 1721 758 1744 28
777 1718 867 1743 uincit
881 1718 1009 1744 όὊΠΧ1

876 1762 925 1788 15*
