1266 1902
173 46 235 78 266
601 45 662 71 XIX
682 48 710 78 ⁶3
731 48 745 70 7

171 127 345 169 νομένων
374 128 567 167 διαχεῖται
596 127 637 157 τὸ
666 122 757 166 αἷμα
784 125 823 157 ἐκ
846 130 911 166 τῆς
934 126 1097 166 καρὸίας
1120 125 1175 162 εἰς

171 173 319 203 ἅπαντα
351 172 394 202 τὰ
427 170 520 211 μέρη
553 174 620 201 τοῦ
649 168 835 210 σώματος,
869 170 962 201 ὥστε
990 169 1174 201 ἐπιπολά-

171 218 262 254 ζειν·
302 221 383 252 τοῖς
421 213 460 246 δὲ
498 216 738 255 φοβηθεϊσιν
776 213 978 255 συντρέχει
1015 215 1070 250 εἰς
1106 213 1175 253 τὴν

170 260 351 300 καρδίαν,
381 259 476 290 ὥστε
504 258 698 290 ἐκλείπειν
727 258 765 289 ἐκ
793 263 867 289 τῶν
891 258 1017 289 ἄλλων
1040 263 1174 298 μερῶν.

145 313 159 328 ‘²
236 303 306 335 Hoc
330 314 389 345 ego
412 302 546 334 Athenis
570 314 641 333 cum
662 302 783 333 Tauro
808 304 915 333 nostro
939 302 1086 343 legissem
1106 312 1173 342 per-
1202 314 1213 333 5

146 328 159 335 1..

172 350 381 387 contatusque
410 358 524 387 essem,
553 347 628 387 quid
657 347 694 377 de
723 347 843 377 ratione
872 347 932 377 ista
959 346 1080 377 reddita
1107 356 1174 376 sen-

171 393 257 431 tiret,
291 392 382 422 ‘dixit
411 391 549 431 quidem’
579 391 683 431 inquit
712 391 821 431 ‘probe
851 393 881 421 et
909 401 994 430 vere,
1022 389 1098 430 quid
1126 400 1174 420 ac-

171 436 288 467 cideret
323 436 437 467 diffuso
471 436 623 477 sanguine
656 437 711 466 aut
744 437 920 474 contracto,
957 434 1011 465 sed
1044 445 1101 465 cur
1130 434 1175 464 ita

144 481 268 520 3fieret,
292 491 357 511 11011
380 480 467 511 dixit.
509 479 624 510 Adhuc
648 480 730 510 enim
753 479 861 519 quaeri
881 480 995 519 potest,
1019 489 1113 518 quam
1134 477 1173 508 ob

171 536 296 556 causam
330 524 432 565 pudor
462 524 648 565 sanguinem
677 523 844 563 diffundat,
876 523 974 554 timor
1000 521 1175 561 contrahat,
1190 536 1215 555 10

171 580 241 600 cum
276 569 317 600 sit
349 568 451 609 pudor
483 569 602 608 species
635 568 758 598 timoris
791 569 885 607 atque
918 567 961 597 ita
994 567 1174 597 definiatur:

171 613 279 644 ‘timor
315 613 416 644 iustae
453 612 727 653 reprehensionis'.
784 610 832 642 Ita
869 611 953 642 enim
991 609 1174 651 philosophi

172 658 338 688 definiunt:
363 657 501 697 αἰσχύνη
527 655 615 687 ἐστὶν
639 657 743 696 φόβος
766 656 895 686 δικαίου
920 655 1048 695 ψόγου.’

642 752 703 783 VII

224 815 318 849 <Quid
337 814 374 840 sit
394 815 544 845 ‘obesum'3
565 813 753 846 nonnullaque
773 813 828 839 alia
848 813 938 846 prisca
957 811 1122 846 vocabula.)
1190 821 1214 840 15

146 888 157 910 1
237 878 274 909 In
298 889 374 920 agro
393 877 549 908 Vaticano
572 877 693 908 Iulius
714 876 851 907 Paulus
876 878 978 916 poeta,
1002 876 1050 906 vir
1073 875 1174 906 bonus

171 925 202 953 et
222 934 325 953 rerum
346 923 585 961 litterarumque
605 924 746 952 veterum
766 921 896 961 inpense
916 920 1036 959 doctus,
1055 919 1174 950 heredi-

171 966 256 997 olum
281 969 375 997 tenue
400 966 588 1007 possidebat.
632 965 679 996 Eo
704 976 795 1005 saepe
820 975 876 995 nos
897 964 936 995 ad
955 975 1022 995 sese
1042 963 1175 994 vocabat

170 1013 201 1041 et
230 1011 380 1041 olusculis
405 1011 570 1051 pomisque
595 1010 670 1040 satis
695 1010 826 1040 comiter
850 1009 1039 1049 copioseque
1063 1008 1174 1038 invita-

143 1055 232 1085 ‘2bat.
284 1054 389 1094 Atque
423 1055 466 1085 ita
498 1055 586 1085 molli
615 1054 751 1094 quodam
779 1053 976 1093 tempestatis
1005 1054 1174 1082 autumnae
1190 1067 1214 1085 20

171 1100 219 1130 die
244 1110 303 1140 ego
328 1102 358 1130 et
378 1098 499 1129 Iulius
519 1098 705 1137 Celsinus,
730 1108 801 1128 cum
826 1097 864 1128 ad
884 1108 955 1127 eum
976 1107 1173 1127 cenassemus

171 1146 202 1174 et
221 1143 305 1183 apud
325 1154 465 1174 mensam
486 1143 552 1174 eius
572 1142 767 1173 audissemus
786 1142 849 1182 legi
868 1140 981 1171 Laevi
1002 1140 1174 1171 Alcestin

170 1187 405 1227 rediremusque
430 1188 462 1218 in
486 1187 595 1218 urbem
621 1187 685 1217 sole
710 1186 771 1216 iam
796 1186 860 1216 fere
885 1185 1030 1224 occiduo,
1056 1185 1173 1225 figuras

170 1232 360 1271 habitusque
388 1231 556 1262 verborum
586 1242 665 1261 nove
694 1232 748 1260 aut
771 1230 937 1270 insigniter
961 1229 1116 1259 dictorum
1141 1229 1174 1259 111

170 1276 358 1306 Laeviano
387 1276 442 1306 illo
472 1276 609 1306 carmine
638 1274 875 1305 ruminabamur
899 1276 942 1312 et,
971 1275 1006 1304 ut
1030 1284 1172 1313 quaeque
1188 1286 1212 1305 25
1242 1306 1244 1322 ‚

170 1331 231 1350 vox
265 1320 402 1350 indidem
432 1320 527 1361 digna
555 1318 762 1350 animadverti
791 1318 992 1356 subvenerat,
1026 1328 1087 1357 qua
1115 1327 1172 1348 nos

172 1375 298 1404 quoque
323 1375 486 1404 possemus
510 1364 571 1403 uti,
595 1363 764 1394 memoriae
788 1362 1023 1393 mandabamus.

144 1417 159 1439 3
236 1408 335 1439 Erant
358 1411 464 1439 autem
489 1408 596 1446 verba,
621 1418 700 1447 quae
724 1409 800 1437 tunc
825 1405 1043 1446 suppetebant,
1067 1405 1173 1436 huius-

172 1453 293 1483 cemodi
317 1453 370 1491 (fr.
387 1455 407 1483 8
421 1452 487 1493 B.):

241 1578 272 1600 25
285 1583 342 1607 sqqv
364 1574 432 1599 Non.
450 1574 486 1599 IV
501 1583 526 1607 p.
544 1577 602 1605 361,
621 1577 664 1603 15;
687 1576 716 1598 12

240 1693 254 1715 6
275 1689 398 1715 oratione
417 1690 505 1714 NOH
517 1690 525 1722 ΙΙ
541 1691 572 1714 17
594 1696 645 1721 que
661 1696 710 1714 0711.
728 1689 760 1713 Π
772 1689 780 1721 Η
795 1691 827 1713 22
847 1687 903 1721 legi
918 1695 967 1713 om.
985 1688 1017 1712 H
1032 1688 1034 1719 1
1053 1686 1172 1712 Naevius

170 1726 198 1751 in
218 1726 338 1751 carmine
354 1725 425 1751 Nou.
446 1726 454 1757 l!
473 1727 506 1749 ⁶23
526 1724 593 1750 urbe
613 1724 634 1749 d
653 1724 661 1755 Η
680 1726 713 1748 25
733 1723 851 1749 neuiano
870 1731 885 1751 ς
903 1724 905 1756 Ι
922 1721 1137 1754 rumynabamus
1153 1723 1173 1749 0,
