1291 1912
514 72 564 98 XX
584 76 598 98 5
996 72 1059 103 297

53 153 152 194 Lycio
181 154 372 184 matutinum
401 164 460 185 nec
487 154 526 185 ad
555 165 623 186 eam
653 165 843 195 quemquam
868 156 986 186 temere
1009 155 1060 185 ad-

53 197 212 238 mittebat,
245 198 306 228 nisi
340 209 475 238 quorum
509 201 581 230 ante
614 199 777 240 ingenium
810 201 842 230 et
874 198 1061 230 eruditionis

53 242 208 274 elementa
241 245 336 282 atque
370 243 402 273 in
431 243 580 274 discendo
609 243 748 274 studium
776 243 982 284 laboremque
1011 254 1061 274 ex>

53 287 216 328 plorasset.
263 286 337 317 Illas
364 298 438 318 vero
463 288 637 318 exotericas
661 288 840 319 auditiones
864 288 1061 319 exercitium-

27 342 115 372 5que
153 331 277 362 dicendi
310 332 419 362 eodeni
454 332 486 362 in
518 333 590 363 loeo
623 333 744 373 vesperi
778 332 915 363 faciebat
947 343 1062 373 easque

53 376 151 417 vulgo
188 375 356 406 iuvenibus
390 376 456 407 sine
490 377 606 408 dilectu
640 377 825 418 praebebat,
862 379 956 417 atque
990 388 1061 407 eum

53 420 200 451 δειλινὸν
232 422 412 461 περίπατον
444 421 640 461 appellabat,
675 422 765 452 illum
799 422 933 452 alterum
967 432 1062 462 supra

54 463 211 501 ἑωθινόν;
239 467 375 505 utroque
404 466 487 496 enim
517 468 659 506 tempore
689 466 855 497 ambulans
880 466 1060 497 disserebat.

53 508 167 540 Libros
196 519 323 550 quoque
351 520 440 549 suos,
473 521 579 540 earum
610 510 751 541 omnium
781 521 885 541 rerum
915 521 1061 541 conmen-

26 554 164 593 otarios,
196 564 337 584 seorsum
366 554 487 594 divisit,
515 557 550 585 ut
578 555 632 585 alii
661 555 846 586 exoterici
876 555 1062 595 dicerentur,

54 598 170 639 partim
195 599 387 629 acroatici.

120 642 185 673 Eos
218 642 317 674 libros
351 644 474 684 generis
503 644 687 674 acroatici
716 654 788 675 cum
817 644 851 674 in
878 644 993 685 vulgus
1022 643 1061 674 ab

54 698 90 718 eo
120 686 221 718 editos
250 698 305 718 rex
329 686 509 718 Alexander
538 688 739 729 cognovisset
764 690 859 729 atque
884 700 920 719 ea
944 690 1062 729 tempe-

54 733 134 762 state
171 732 267 762 armis
300 732 471 763 exercitum
508 743 634 763 omnem
667 743 766 773 prope
798 732 908 764 Asiam
941 735 1062 764 teneret

27 788 38 808 ⁵
53 787 223 817 regemque
243 776 347 816 ipsum
362 776 495 807 Darium
516 777 644 817 proeliis
664 779 696 808 et
714 777 856 809 victoriis
875 780 1010 819 urgeret,
1030 778 1063 808 in

54 821 118 852 illis
150 823 258 851 tamen
290 821 387 852 tantis
420 822 557 862 negotiis
590 821 712 852 litteras
745 821 784 852 ad
812 821 1061 853 Aristotelem

54 865 141 896 misit
160 875 225 896 non
244 876 315 896 eum
335 868 418 896 recte
437 866 557 905 fecisse,
578 867 662 906 quod
683 866 865 907 disciplinas
880 867 1063 907 acroaticas,

54 909 170 950 quibus
195 909 234 940 ab
259 920 295 940 eo
321 910 388 950 ipse
413 911 554 941 eruditus
576 911 667 949 foret,
690 911 780 942 libris
799 912 884 942 foras
905 911 997 942 editis
1018 912 1062 942 in-

53 954 227 995 volgasset:
257 953 351 985 ‘Nam
381 955 454 995 qua’
485 955 589 995 inquit
616 955 689 986 ‘alia
712 967 745 987 re
769 958 927 996 praestare
952 957 1062 987 ceteris

27 1011 40 1030 o
53 999 243 1039 poterimus,
267 999 294 1029 si
319 1009 367 1037 ea,
392 1010 472 1039 quae
497 1011 535 1030 ex
558 1002 589 1030 te
613 1000 802 1040 accepimus,
826 1001 967 1031 omnium
992 1011 1063 1041 pro—

54 1054 106 1073 sus
127 1043 204 1074 fient
224 1044 426 1074 communia?
447 1044 564 1084 quippe
585 1055 643 1085 ego
661 1044 804 1076 doctrina
819 1045 938 1076 anteire
953 1046 1062 1076 malim

54 1098 149 1128 quam
174 1087 274 1128 copiis
299 1090 392 1128 atque
418 1088 611 1129 opulentiis.'

120 1131 296 1172 Rescripsit
338 1133 365 1163 ei
399 1132 631 1164 Aristoteles
669 1133 705 1164 ad
744 1133 826 1164 hanc
859 1134 1061 1165 sententiam:

54 1175 252 1207 ‘Acroaticos
276 1176 384 1215 libros,
409 1188 488 1217 quos
513 1178 613 1208 editos
638 1179 777 1218 quereris
797 1180 828 1209 et
846 1189 911 1209 non
930 1179 1062 1219 proinde

27 1223 90 1253 sut
117 1231 230 1252 arcana
258 1221 475 1261 absconditos,
503 1233 605 1262 neque
634 1222 735 1253 editos
764 1223 843 1254 scito
870 1233 937 1254 esse
960 1234 1062 1264 neque

53 1276 118 1296 non
142 1265 256 1305 editos,
281 1266 431 1305 quoniam
457 1267 505 1297 his
531 1267 606 1297 solis
631 1267 814 1308 cognobiles
839 1270 931 1298 erunt
955 1268 983 1308 <‚
1008 1268 1063 1308 qui

52 1320 111 1340 nos
135 1310 364 1350 audiverunt>.’

1091 1144 1107 1166 ⁴.)

120 1353 277 1395 Exempla
309 1357 516 1395 utrarumque
549 1356 727 1386 litterarum
761 1358 887 1396 sumpta
921 1367 959 1387 ex
989 1356 1062 1387 An·
1075 1366 1108 1388 10

54 1398 201 1430 dronici
230 1399 415 1439 philosophi
443 1399 526 1430 libro
556 1400 681 1430 subdidi
707 1401 760 1439 (fr.
786 1403 849 1431 662
871 1400 959 1441 VR..)
1010 1400 1062 1432 An

126 1516 156 1538 12
168 1522 226 1546 sqq.
248 1513 319 1539 Plut.
337 1513 413 1539 Alex.
431 1516 443 1538 T
466 1514 560 1539 Zonar.
576 1514 613 1539 IV
629 1517 643 1539 S

126 1624 137 1646 1
154 1621 285 1646 mittebat
301 1622 408 1646 0sz
424 1622 432 1653 'l
447 1624 461 1645 5
478 1620 603 1646 discendi
616 1622 668 1654 1111
684 1624 698 1647 6
715 1621 824 1648 delectu
835 1625 886 1648 ΗΧ
901 1622 1061 1648 consolatu.

53 1656 111 1688 (del
134 1665 165 1682 ηι.
185 1659 213 1689 ·))
234 1656 338 1681 delictu
359 1658 431 1688 9,]19
454 1655 595 1690 librosque
615 1666 678 1683 suos
697 1659 737 1691 γΙΙ
754 1661 783 1683 11
804 1658 918 1692 partim]
939 1657 988 1683 alii
1009 1659 1061 1683 Π

54 1694 86 1717 12
106 1700 152 1717 eos
172 1691 189 1717 l.
209 1701 235 1723 σ.
256 1692 404 1725 agroatici]
424 1694 441 1716 Ζ
461 1700 510 1717 om.
531 1702 551 1717 ω
570 1693 578 1725 ΙΙ
599 1695 631 1718 14
655 1693 852 1727 exercitusque)
873 1702 888 1719 σ
911 1693 1063 1719 exercitam

54 1728 150 1753 Carrio
166 1728 268 1753 ‹Plaul
286 1727 370 1760 Εριιί.
387 1730 419 1752 5·
413 1729 441 1752 29
455 1728 557 1759 ‹onfert
572 1728 626 1754 57.)
641 1729 691 1754 del.
707 1729 830 1755 Eussmr
844 1731 852 1762 Η
867 1732 900 1755 20
916 1730 960 1764 ex]
976 1737 992 1755 a
1008 1730 1042 1755 Π
1054 1730 1063 1763 Η

53 1765 86 1788 ‘26
106 1763 154 1795 qui
174 1771 199 1788 n.
220 1770 244 1788 a.
265 1763 326 1788 add.
344 1763 428 1789 Hera—
443 1764 479 1795 (σ)
494 1765 502 1796 Η
518 1765 550 1788 29
569 1764 624 1798 An]
645 1771 678 1789 en
694 1765 763 1791 Rose
782 1765 880 1791 Amavi
896 1774 911 1791 σ
