1291 1912
499 89 559 115 XJX
583 93 595 114 1
988 88 1052 119 259

108 170 166 202 His
200 174 275 202 tunc
307 171 411 202 verbis
441 169 566 202 Stoicus
595 171 724 202 divitem
754 171 844 201 illum
874 169 1093 202 Asiaticumn

41 227 59 247 a
87 226 154 246 sese
184 216 314 246 molitus
343 218 398 246 est.
447 214 508 246 Sed
538 218 648 256 postea
673 226 744 246 cum
770 214 974 246 Brundisium
999 215 1094 246 acl-12

41 263 241 292 ventaremus
265 260 480 300 malaciaeque
504 262 610 291 essent
630 260 716 290 venti
736 269 773 290 ac
793 260 898 299 maris,
923 269 1052 300 percon-

40 307 125 336 tatus
154 315 225 336 eum
255 316 339 344 sum,
368 315 523 344 quaenam
553 305 608 335 illa
631 304 712 335 ratio
737 307 819 335 esset
843 304 969 345 pavoris
994 304 1052 344 sui,

41 359 135 390 quam
165 349 268 380 dicere
297 349 324 380 ei
354 349 595 390 supersedisset,
623 360 641 380 a
670 359 733 389 quo
760 348 864 380 fuerat
887 359 950 379 non
975 348 1053 379 satis

41 393 135 434 digne
155 394 374 434 compellatus.
414 392 520 433 Atque
540 393 594 424 ille
614 393 692 424 mihi
713 393 835 434 placide
856 395 887 424 et
907 393 1096 425 comitans

41 438 216 478 ‘quoniam'
238 438 342 478 inquit
362 437 522 468 ‘audiendi
543 438 676 478 cupidus
696 448 737 474 es,
759 438 841 477 audi,
861 437 938 478 quid
958 448 1052 478 super

41 483 101 513 isto
133 483 217 513 brevi
248 482 389 523 quidem,
422 482 476 513 sed
505 483 681 513 necessario
711 485 742 513 et
770 482 906 513 naturali
935 493 1052 523 pavore

40 527 176 558 maiores
209 527 324 566 nostri,
361 527 541 558 conditores
575 529 678 558 sectae
712 526 851 566 Stoicae,
888 526 1052 561 senserint.

40 572 90 602 vel
117 571 235 611 potius'
259 571 365 611 inquit
390 571 484 613 dege:
513 582 585 602 nam
611 574 643 602 et
665 571 790 602 facilius
815 571 997 611 credideris,
1026 572 1051 602 si

40 616 141 657 legas,
181 618 212 646 et
248 616 431 646 memineris
469 616 591 657 magis?
647 614 755 656 Atque
792 616 836 646 ibi
874 626 980 646 coram
1014 627 1051 646 ex
1064 624 1095 647 14

41 660 198 691 sarcinula
238 671 293 690 sua
331 660 446 691 librum
486 660 621 701 protulit
658 659 828 700 Epicteti
866 659 1051 701 philosophi

40 704 188 744 quintum
214 703 438 742 διαλέξεων,
464 716 541 745 quas
566 704 604 735 ab
627 703 790 735 Arriano
815 704 954 745 digestas
979 714 1051 735 con-

40 759 151 790 gruere
168 749 294 789 scriptis
307 751 487 789 Ζήνωνος
503 752 535 780 et
547 748 755 790 Chrysippi
771 760 836 780 non
850 749 982 780 dubium
994 751 1049 780 est.

105 792 141 823 In
174 804 211 824 eo
244 793 326 824 libro
356 792 474 824 Graeca
507 794 628 824 scilieet
657 794 800 824 oratione
829 794 982 834 scriptum
1011 794 1048 825 ad
1063 802 1094 825 15

39 836 120 868 hanc
139 838 328 869 sententiam
345 838 481 879 legimus
497 839 550 878 (fr.
567 842 628 877 91).
645 840 708 869 408
723 838 819 878 Sem:
839 837 928 869 ‘Visa
943 839 1050 878 animi,

39 892 117 922 quas
155 884 338 922 φαντασίας
375 882 559 923 philosophi
597 883 774 923 appellant,
811 883 927 923 quibus
960 894 1049 913 mens

38 925 176 957 hominis
201 927 302 967 prima
327 927 434 958 statim
460 928 563 967 specie
587 927 758 958 accidentis
782 927 821 957 ad
843 927 984 957 animum
1004 928 1049 958 rei

39 971 181 1011 pellitur,
210 982 272 1001 11011
302 972 476 1002 voluntatis
506 974 580 1002 sunt
606 982 707 1011 neque
731 971 911 1011 arbitraria,
940 971 994 1002 sed
1017 972 1048 1002 vi

39 1015 173 1056 quadam
204 1026 260 1046 sua
288 1016 429 1046 inferunt
453 1027 520 1047 sese
544 1016 726 1046 hominibus
750 1016 949 1055 noscitanda3
978 1027 1048 1057 pro·
1061 1025 1092 1048 16

40 1059 182 1090 bationes
215 1063 335 1100 autemy
369 1071 446 1100 quas
481 1060 738 1100 συγκαταθέσεις
770 1064 899 1096 vocant,
933 1061 1048 1101 quibus

39 1104 146 1135 eadem
172 1105 238 1135 visa
262 1108 447 1144 noscuntur,
470 1104 668 1136 voluntariae
691 1107 764 1136 sunt
783 1106 928 1145 fiuntque
948 1104 1048 1136 homi-

38 1159 113 1179 num
138 1149 301 1180 arbitratu.
347 1148 520 1190 Propterea
545 1160 615 1180 cum
641 1160 736 1180 sonus
760 1150 876 1190 aliquis
899 1149 1091 1182 formida-17

40 1192 111 1224 bilis
144 1196 200 1224 aut
233 1194 320 1224 caelo
353 1196 410 1224 aut
442 1205 479 1224 ex
513 1194 604 1224 ruina
637 1196 692 1225 aut
723 1195 907 1235 repentinus
941 1194 1048 1225 nescio

39 1238 127 1268 cuius
165 1238 296 1278 periculi
334 1239 464 1269 nuntius
500 1239 550 1269 vel
584 1238 660 1278 quid
693 1238 779 1269 aliud
812 1242 860 1270 est
892 1239 1047 1270 eiusmodi

38 1280 166 1321 factum,
193 1283 344 1323 sapientis
370 1293 496 1322 quoque
521 1283 661 1314 animum
686 1283 848 1323 paulisper
872 1284 992 1314 moveri
1017 1286 1048 1314 et

38 1326 180 1357 contrahi
210 1329 241 1357 et
270 1327 441 1367 pallescere
470 1338 633 1358 necessum
659 1330 706 1358 est
729 1338 793 1358 non
818 1328 968 1368 opinione
992 1328 1046 1359 ali-

108 1434 139 1456 16
160 1431 195 1456 XI
213 1435 237 1464 ὁ,
253 1434 268 1456 6
378 1434 411 1457 20
423 1441 461 1465 sq.
483 1432 537 1458 Cic.
556 1432 633 1459 acad.
648 1432 673 1458 Π
689 1435 730 1465 12,
746 1435 778 1458 37

109 1532 120 1554 1
142 1529 178 1554 lis
198 1532 245 1554 ΝΟ
260 1531 268 1562 Η
284 1532 298 1554 1).
319 1529 449 1555 amolitus
469 1539 488 1563 γ
502 1531 509 1562 Η
525 1532 539 1555 3
560 1529 776 1563 mollici(a)eque
795 1541 816 1557 ω
835 1539 902 1557 corr.
923 1531 980 1563 Gr„
999 1531 1047 1564 qui

37 1564 210 1598 malaciaque
225 1568 312 1593 esset:
327 1566 376 1597 cfr.
392 1565 494 1592 Archiv
508 1567 527 1598 s'.
544 1566 610 1592 Lex.
628 1566 668 1591 VI
680 1568 735 1592 259
756 1567 813 1593 VII
826 1569 893 1599 445;
905 1569 958 1593 586
974 1567 1049 1592 VIII

37 1601 86 1625 441
106 1603 108 1631 [
125 1608 157 1626 ac
168 1608 216 1626 om.
229 1610 247 1634 γ
261 1602 269 1633 ῙΙ
286 1604 318 1625 10
332 1600 480 1634 legendam
496 1603 524 1627 et
536 1601 637 1627 ‹50111
648 1603 657 1634 ΙΙ
672 1604 704 1627 13
720 1601 767 1637 ab]
777 1605 800 1627 N
810 1610 859 1628 om.
872 1612 891 1627 ω
909 1603 912 1636 Ι
930 1602 1045 1628 abriano

37 1636 122 1661 onx
137 1635 252 1661 adriano
268 1636 290 1661 δ
307 1637 310 1670 l
327 1636 515 1670 congrueretis
536 1645 585 1662 scr.
601 1637 624 1662 ὁ
637 1638 646 1669 l!
662 1640 694 1663 14
709 1638 864 1663 ZHNsONlC
880 1639 918 1664 sic
932 1639 987 1670 fere
1002 1648 1022 1663 ω
1038 1639 1046 1671 ,ᾖ

38 1673 69 1696 15
85 1671 120 1696 ad
135 1680 185 1697 om.
197 1672 219 1697 δ’
236 1672 305 1697 nude
320 1671 451 1705 scriptam
467 1673 551 1698 Hertz
566 1674 574 1705 ΙΙ
590 1674 622 1697 16
636 1672 680 1698 uis
695 1682 715 1698 ω
731 1673 816 1698 animi
832 1673 891 1699 visa
907 1675 1022 1708 August.
1038 1676 1045 1706 Η

38 1707 70 1731 19
85 1706 271 1739 πῶυ-31113110
287 1706 376 1732 60²1
391 1707 523 1733 arbitriae
538 1709 626 1733 NOH
638 1716 704 1734 corr.
723 1708 820 1735 Carrio
834 1710 842 1742 Η
858 1711 890 1734 ‘20
905 1709 1045 1735 noscitan-

37 1740 110 1774 d(a)e
129 1744 211 1774 (uosc.
228 1744 256 1774 Ζ)
272 1752 292 1767 ω
307 1750 374 1768 corr.
391 1744 505 1769 Salmas.
521 1745 528 1775 ξ]
545 1746 576 1769 24
597 1752 621 1769 11.
640 1744 717 1769 cuius
734 1753 748 1769 σ
767 1745 876 1770 nescius
892 1755 912 1770 ω
927 1747 936 1777 ΙΙ
951 1747 983 1771 25
1003 1747 1044 1770 est

36 1776 105 1803 JGr.
126 1785 157 1803 ex
174 1778 196 1803 d*
215 1787 264 1804 om.
280 1787 298 1811 γ
313 1780 321 1810 ,Ι
336 1781 367 1804 27
389 1780 417 1804 et
431 1787 480 1804 nm.
496 1779 519 1805 δ

834 1825 884 1850 17*
