1291 1912
541 70 603 97 XIV
624 75 635 97 1
1030 71 1091 101 109

87 150 202 191 quibus
231 150 389 191 homines,
417 152 541 193 legibus
569 155 772 184 nascerentur
797 152 958 192 isdemque
982 152 1090 183 itidem

86 195 368 236 extinguerentur?
393 198 427 227 ut
451 200 505 228 aut
530 198 711 228 ranunculis
736 208 861 237 quoque
887 199 917 228 et
938 196 1091 228 culicibus

86 239 234 270 nascendi
263 239 327 270 fata
356 241 419 271 sint
446 241 483 272 de
507 242 689 272 caelestium
715 241 851 272 siderum
877 241 1015 272 motibus
1040 241 1092 271 ad-

86 283 205 314 tributa
229 286 296 323 aut,
325 285 350 315 si
376 285 407 315 id
431 296 495 316 non
520 288 680 326 putarent,
708 286 795 316 nulla
819 286 900 316 ratio
925 286 1092 325 videretur,

60 341 71 359 5
87 339 143 359 cur
170 339 205 358 ea
233 328 370 359 siderum
395 330 441 360 vis
466 331 498 360 in
522 330 704 361 hominibus
729 331 860 370 valeret,
889 330 1036 361 deficeret
1060 330 1091 360 in

47 562 72 581 10

48 787 71 806 15

46 1008 71 1027 20

47 1230 71 1249 25

47 1451 72 1470 ³0

87 373 207 403 ceteris.

152 416 239 448 Haec
263 428 320 448 nos
345 418 426 449 sicca
451 421 481 449 et
506 418 666 450 incondita
686 422 716 450 et
737 419 967 459 propemodum
987 419 1091 450 ieiuna
1103 430 1134 453 32

87 461 229 492 oratione
266 462 467 504 adtingimus.
529 461 583 494 Set
620 462 843 503 Favorinus,
880 466 916 494 ut
952 463 1091 494 hominis

86 506 248 547 ingenium
273 506 334 537 fuit
358 509 456 547 utque
480 510 526 538 est
547 507 682 539 Graecae
701 508 866 538 facundiae
886 508 977 548 copia
997 508 1092 539 simul

86 553 117 580 et
145 553 307 590 venustas,
339 551 434 582 latius
463 562 498 582 ea
527 554 558 582 et
587 553 749 583 amoenius
778 554 809 583 et
838 552 1033 593 splendidius
1061 554 1092 583 et

87 594 295 634 profluentius
320 595 535 636 exequebatur
554 599 648 636 atque
668 596 840 627 identidem
861 597 1092 635 commonebat,

86 641 122 670 ut
145 649 335 679 caveremus,
358 651 398 670 ne
419 651 481 680 qua
501 641 592 671 nobis
612 641 665 671 isti
684 641 899 682 sycophantae
918 641 958 672 ad
976 642 1091 672 facien<

86 683 157 714 dani
182 683 275 714 fidem
300 684 488 724 inrepereut,
513 685 597 725 quod
621 685 802 716 viderentur
824 686 978 726 quaedam
998 686 1091 717 inter-

87 727 161 758 dum
191 739 263 759 vera
291 728 415 760 effutire
443 732 497 760 aut
526 740 681 771 spargere.
729 729 814 761 ‘Non
843 731 926 761 enim
951 741 1091 771 compre-
1102 741 1135 763 33

87 771 194 802 hensa’
228 773 332 813 inquit
367 773 480 813 ‘neque
511 773 640 805 definita
668 785 769 815 neque
798 777 945 815 percepta
974 775 1092 815 dicunt,

87 816 140 847 sed
177 817 298 848 lubrica
335 820 430 858 atque
467 818 650 859 ambagiosa
688 819 918 850 coniectatione
955 820 1091 850 nitentes

86 861 169 892 inter
191 862 270 892 falsa
294 864 389 902 atque
412 873 485 893 vera
510 863 736 904 pedetemptim
761 864 851 904 quasi
871 875 928 904 per
946 864 1091 895 tenebras

86 905 297 946 ingredientes
335 909 410 937 eunt
447 909 478 937 et
511 910 565 938 aut
597 908 698 938 multa
730 909 915 949 temptando
948 909 1093 940 incidunt

86 952 215 990 repente
239 951 443 991 inprudentes
467 952 500 982 in
524 952 688 983 veritatem
712 955 767 984 aut
788 953 939 993 ipsorum,
964 954 1018 993 qui
1039 963 1092 984 eos

86 995 264 1034 consulunt,
288 995 387 1026 multa
412 995 597 1027 credulitate
619 996 752 1028 ducente
772 998 960 1038 perveniunt
980 998 1092 1029 callide

86 1038 125 1069 ad
149 1050 194 1078 ea,
218 1050 298 1080 quae
322 1051 394 1070 vera
419 1043 501 1080 sunt,
525 1043 556 1071 et
580 1040 697 1072 idcirco
722 1041 868 1073 videntur
892 1043 924 1073 in
943 1043 1091 1082 praeteri-

86 1083 127 1114 tis
160 1083 253 1114 rebus
286 1095 380 1124 quam
412 1085 443 1115 in
472 1085 587 1116 futuris
616 1086 781 1117 veritatem
810 1087 935 1118 facilius
964 1087 1090 1118 imitari.

85 1126 150 1158 Ista
182 1130 289 1159 tamen
317 1129 436 1168 omnia,
469 1140 549 1169 quae
577 1132 632 1160 aut
659 1132 777 1162 temere
804 1134 859 1162 aut
887 1132 991 1162 astute
1018 1142 1092 1162 vera

87 1172 204 1211 dicunt⁷
230 1184 304 1213 prae
328 1174 460 1213 ceteris‚'
486 1175 590 1214 inquit
615 1175 706 1214 ‘quae
730 1176 935 1215 mentiuntur,
959 1187 1032 1216 pars
1056 1186 1091 1207 ea

86 1227 150 1247 non
174 1217 214 1247 sit
238 1217 425 1248 millesima.’

152 1260 281 1292 Praeter
312 1262 389 1293 haec
417 1265 537 1302 autem,
570 1274 650 1303 quae
679 1263 834 1295 dicentem
863 1264 1091 1296 Favorinum
1103 1273 1135 1296 34

86 1305 277 1345 audivimus,
315 1307 414 1337 multa
452 1308 546 1338 etiam
586 1308 715 1338 memini
750 1311 916 1349 poetarum
949 1311 1091 1340 veterum

85 1350 281 1390 testimonia,
318 1351 433 1391 quibus
470 1351 689 1383 huiuscemodi
726 1353 874 1394 ambages
910 1353 1091 1385 fallaciosae

86 1395 298 1475 (ἑοιιῇῗξῗῖωκ
349 1395 399 1426 Ex
432 1396 546 1436 quibus
580 1399 627 1427 est
655 1396 910 1428 Pacuvianum
942 1398 1022 1428 illud
1052 1404 1092 1433 (v.

109 1442 150 1469 07
186 1439 202 1469 ἶ.
238 1451 244 1470 :

131 1510 212 1540 naim
229 1510 272 1550 si,
287 1521 380 1550 quae
396 1513 576 1542 eventura
593 1515 692 1552 sunt,
708 1512 948 1553 provideant,
964 1514 1091 1554 aequi—

666 1557 798 1597 perefnt
822 1556 917 1598 Iovi,

158 1653 170 1675 Τ
192 1658 246 1676 una
268 1652 353 1679 eon
373 1659 428 1677 una
448 1652 476 1677 in
496 1653 565 1685 2113
587 1652 738 1686 adtigimus
758 1654 801 1679 Slc.
819 1654 822 1687 l
840 1654 892 1688 set]
913 1655 940 1679 et
960 1663 978 1688 γ
992 1655 1000 1687 ΙΙ
1015 1657 1029 1680 9
1050 1656 1092 1680 est

86 1694 135 1711 om.
146 1695 164 1719 γ
178 1688 186 1719 ΙΙ
203 1690 234 1711 15
250 1686 370 1712 diffinita
385 1688 407 1712 δ
424 1688 427 1721 Ι
444 1690 575 1720 precepta
585 1690 603 1712 Z
617 1689 625 1721 ΙΙ
641 1692 673 1713 :20
688 1689 884 1715 incredulitate
899 1689 1031 1715 ducentes
1047 1691 1069 1716 d
1083 1692 1091 1723 Η

87 1724 120 1746 *24
135 1721 264 1747 dicuntur
274 1723 296 1748 δ
310 1724 318 1755 Η
334 1725 366 1748 26
382 1722 494 1748 Praeter
504 1731 552 1749 0111.
568 1732 587 1757 γ
601 1725 609 1756 ΙΙ
624 1726 656 1749 28
670 1732 686 1750 a
696 1724 796 1756 quibus
809 1727 828 1753 Θ,
842 1727 850 1757 Η
865 1728 896 1750 31
909 1733 980 1758 quae
991 1734 1040 1752 om.
1052 1728 1069 1750 Z
1086 1728 1088 1753 1

87 1757 263 1790 aequiperem
285 1758 393 1784 Vossius
