1266 1902
195 63 257 94 288
654 64 702 89 XX
723 68 735 90 1

194 145 317 185 legibus
346 155 384 174 ne
413 145 585 175 consistere
614 145 754 185 quidem,
787 145 880 176 sicuti
910 147 986 185 dixi,
1019 146 1087 176 visa
1114 148 1197 186 sunt,

194 190 281 219 velut
309 189 363 219 illa
391 189 443 219 lex
469 189 611 228 talionis,
639 189 727 220 cuius
752 189 859 229 verba,
887 191 948 221 m'si
972 190 1123 221 memoria
1147 201 1197 221 me

194 233 290 271 fallit,
319 232 396 263 haec
424 234 498 263 sunt
521 233 633 272 (VIII
647 234 698 267 2):
727 234 757 264 si
786 234 987 265 membrum
1014 234 1131 274 rupit,
1158 234 1196 265 ni

153 286 183 308 15
196 288 275 307 cum
306 288 321 307 e
351 279 474 316 pacto,
503 277 597 307 talio
626 280 715 308 esto.
762 277 890 308 Praeter
917 279 1000 309 enim
1026 278 1196 309 ulciscendi

195 320 398 351 acerbitatem
446 332 484 351 ne
532 321 699 361 procedere
744 333 869 362 quoque
911 323 1054 353 executio
1095 323 1196 353 iustae

195 364 322 395 talionis
351 367 463 405 potest.
514 364 597 395 Nam
626 366 677 396 cui
705 366 881 397 membrum
910 366 949 397 ab
978 367 1040 397 alio
1066 368 1195 406 ruptum

195 411 251 448 est,
275 409 301 439 si
325 409 385 449 ipsi
410 409 519 440 itidem
544 420 689 450 rumpere
713 421 768 450 per
791 410 942 441 talionem
962 411 1047 450 velit,
1071 421 1196 451 quaero,

195 465 233 484 an
267 453 390 484 efficere
424 453 524 493 possit
556 454 722 494 rumpendi
755 455 872 495 pariter
905 455 1036 485 membri
1067 454 1196 495 aequili-

195 497 321 528 brium?
367 496 404 527 In
433 508 495 538 qua
522 508 554 528 re
578 499 715 538 primuni
741 510 775 529 ea
800 498 970 529 difficultas
994 501 1041 529 est
1064 498 1196 539 inexpli-

154 550 184 572 16
195 541 312 572 cabilis.
365 541 447 578 Quid
480 542 506 572 si
539 542 727 572 membrum'
762 543 864 583 inquit
894 543 996 574 ‘alteri
1025 543 1196 583 inprudens
1212 555 1257 583 ιο,

195 586 337 626 ruperit?
369 586 453 626 quod
482 586 566 616 enim
595 586 795 626 inprudentia
823 588 941 617 factum
971 589 1031 627 est,
1058 587 1196 617 retaliari

195 641 250 670 per
288 630 521 670 inprudentiam
559 630 658 661 debet.
714 630 798 662 Ictus
832 632 948 671 quippe
981 631 1132 662 fortuitus
1165 633 1197 662 et

195 675 357 705 consultus
386 685 451 704 non
479 674 595 705 cadunt
622 675 678 705 sub
704 675 841 706 eiusdem
866 676 994 706 talionis
1019 675 1196 706 similitudi-

195 729 274 748 nem.
322 717 466 754 Quonam
495 719 593 760 igitur
621 719 715 749 modo
742 719 962 760 inprudentem
988 720 1104 759 poterit
1129 720 1196 750 imi-

195 763 263 797 tari,
288 763 342 802 qui
367 763 399 793 in
423 763 604 802 exequenda
628 763 746 794 talione
769 774 833 794 non
856 764 1003 794 licentiae
1024 764 1072 794 ius
1091 763 1196 803 habet,
1211 775 1235 795 15
1255 795 1260 812 ἃ

153 815 183 837 17
195 807 249 837 sed
278 807 518 847 inprudentiae?
566 806 628 837 Sed
657 810 688 838 et
711 808 737 838 si
761 808 896 848 prudens
921 808 1054 848 ruperit,
1082 818 1196 848 nequa-

196 862 289 891 quam
323 851 461 891 patietur
493 853 548 882 aut
576 852 670 882 altius
699 863 731 882 se
759 852 840 882 laedi
869 854 923 882 aut
951 852 1054 882 latius.
1106 850 1196 888 Quod

195 895 372 925 cuiusmodi
401 895 482 925 libra
507 898 602 935 atque
627 907 772 927 mensura
796 896 897 926 caveri
922 896 1036 936 possit,
1063 907 1128 927 non
1152 907 1196 926 re*

152 947 183 970 18
195 940 291 979 perio.
338 939 421 976 Quin
445 940 554 979 etiam,
580 940 606 970 si
631 940 706 980 quid
731 940 801 980 plus
826 940 885 971 erit
909 941 1039 971 aliterve
1063 940 1196 970 comnis<

196 994 278 1022 suni,
311 994 359 1014 res
388 984 442 1014 fiet
471 984 621 1014 ridiculae
649 985 837 1023 atrocitatis,
866 987 900 1015 ut
929 985 1085 1015 contraria
1113 984 1195 1014 actio
1211 996 1234 1015 20
1264 982 1265 985 ¹

195 1030 322 1058 mutuae
350 1028 478 1058 talionis
507 1028 626 1058 oriatur
654 1031 685 1059 et
713 1029 871 1059 adolescat
895 1029 1018 1059 infinita
1043 1028 1196 1068 quaedam

153 1080 183 1102 19
196 1072 403 1112 reciprocatio
428 1072 590 1102 talionum.
632 1072 716 1103 Nam
736 1073 773 1103 de
792 1073 977 1103 inmanitate
998 1072 1052 1103 illa
1072 1072 1196 1103 secandi

195 1116 414 1156 partiendique
446 1116 577 1147 humani
611 1117 764 1156 corporis,
796 1117 822 1147 si
851 1128 931 1147 unus
961 1117 1000 1147 ob
1030 1116 1195 1157 pecuniam

195 1160 331 1190 debitam
363 1160 518 1191 iudicatus
548 1160 753 1201 addictusque
782 1161 822 1191 sit
846 1160 1003 1209 pluribus,
1031 1172 1095 1191 non
1118 1160 1196 1191 libet

195 1204 375 1235 meminisse
405 1207 436 1235 et
464 1205 552 1245 piget
581 1205 690 1235 dicere
742 1204 823 1254 Quid
852 1205 935 1236 enim
964 1205 1063 1235 videri
1091 1206 1229 1245 potesta.
1248 1241 1259 1255 a,

194 1249 366 1287 efferatius,
399 1249 475 1288 quid
508 1249 546 1279 ab
580 1249 717 1279 hominis
746 1249 873 1298 ingenio
903 1249 1069 1288 diversius
1102 1259 1195 1288 quam

195 1293 279 1332 quod
316 1293 457 1323 membra
490 1295 521 1323 et
553 1295 639 1324 artus
673 1293 776 1333 inopis
809 1293 960 1323 debitoris
993 1293 1195 1323 acerbissimo

194 1337 313 1367 laniatu
338 1337 602 1376 distrahebantur,
627 1338 719 1367 sicuti
743 1348 826 1368 nunc
850 1337 933 1367 bona
952 1348 1067 1368 venum
1087 1337 1196 1367 distra-

194 1380 344 1411 huntur?

151 1433 183 1455 20
261 1425 341 1455 Tum
380 1424 457 1455 Sex.
497 1425 686 1456 Caecilius
728 1426 892 1465 amplexus
930 1428 1062 1465 utraque
1100 1436 1195 1455 manu
1208 1436 1244 1467 31ι

262 1533 277 1554 v1
300 1530 345 1562 ne]
365 1530 406 1555 vd.
426 1532 445 1563 ς’
460 1531 495 1554 33
514 1538 564 1555 nec
584 1539 603 1554 ω
619 1531 626 1562 11
643 1532 656 1554 2
676 1530 807 1555 memorie
827 1532 843 1553 Z
862 1545 863 1562 1
882 1537 924 1555 me
944 1538 993 1555 om.
1014 1530 1086 1562 (5113
1107 1529 1196 1561 rupsit

198 1565 337 1590 Turnebus
352 1566 359 1597 11
375 1568 389 1589 4
405 1573 436 1589 eo
452 1564 528 1597 pacit
539 1564 571 1589 03
581 1565 689 1597 Fest.p.
701 1567 762 1595 363,
774 1568 789 1590 5
803 1566 811 1597 11
828 1567 859 1589 10
875 1565 941 1596 quid
956 1565 990 1598 si]
1002 1564 1035 1592 Q²
1050 1564 1130 1596 quisi
1143 1565 1195 1589 Ilz

193 1599 255 1632 quis
280 1600 307 1624 111
329 1602 345 1624 0
370 1600 431 1631 quis
456 1600 483 1625 ui
505 1602 524 1628 Q
548 1600 595 1632 qui
615 1600 656 1625 siu
676 1602 698 1624 N
722 1600 782 1632 quis
801 1603 825 1624 X
842 1601 844 1634 Ι
863 1600 932 1626 alter
952 1610 971 1624 ω
991 1608 1057 1626 corr
1080 1600 1174 1625 Carrio
1188 1598 1196 1632 1Ι

195 1638 225 1659 11
246 1642 295 1667 pei
314 1635 552 1668 inprudentiam)
567 1636 574 1667 Η
592 1638 622 1660 15
643 1635 806 1668 diligentiae
823 1636 898 1669 Mdy
915 1636 923 1668 Η
940 1638 969 1660 17
987 1644 1039 1668 (1110
1056 1637 1076 1662 Q.
1095 1635 1141 1667 qui
1157 1637 1173 1658 z
1187 1635 1195 1667 ΙΙ

194 1672 226 1694 ⁴20
247 1671 295 1695 aut
315 1671 336 1695 d
355 1671 396 1718 110
384 1674 414 1695 ..3
434 1670 614 1703 patiendique
636 1672 704 1703 (pac.
726 1671 785 1703 dx)
806 1681 825 1696 ω
846 1679 912 1696 (⁴0».
934 1679 948 1698 ς
968 1672 975 1710 11
995 1673 1027 1695 24
1048 1670 1194 1695 adductus-
1222 1673 1224 1706 1

193 1713 246 1737 que
266 1706 311 1731 do
331 1707 390 1736 :127
415 1707 441 1731 et
461 1707 536 1730 artus
557 1714 605 1731 nm
624 1708 644 1734 Q
661 1707 663 1737 Ι
681 1705 857 1731 acerbissimo
877 1707 975 1738 scripsi?
994 1705 1155 1730 breuissime
1175 1715 1194 1730 ω

194 1741 352 1766 saexissimo
370 1742 556 1774 Btflwnlieoslzod
570 1742 625 1773 1128
647 1741 690 1766 Sic
705 1741 741 1765 N*
747 1743 832 1766 ΟΠΧ

1247 1016 1266 1034 ,11
