1291 1912
44 561 69 582 10

44 784 68 804 15

45 1006 69 1026 ΞΟ

525 67 600 93 XVII
622 70 652 93 19
1030 68 1091 100 221

82 160 155 180 nem
180 159 252 180 cum
277 149 398 180 viderat
422 149 526 180 studia
550 160 676 189 quoque
701 151 732 180 et
751 150 934 190 disciplinas
955 150 1094 190 philoso-

83 193 177 235 phiae
197 195 393 224 contrectare
413 196 444 224 et
463 193 597 234 physica
616 193 702 224 adire
722 196 753 224 et
769 195 914 225 meditari
929 195 1094 226 dialectiea

83 238 246 278 multaque
275 238 306 268 id
337 249 436 279 genus
465 238 662 269 theoremata
686 239 843 279 auspicari
868 239 1093 280 sciscitarique‚

83 282 274 313 inclamabat
299 282 390 313 deum
416 284 512 323 atque
535 282 701 313 horminum
726 283 820 314 fidem
846 294 881 314 ae
906 284 1093 324 plerumque

83 327 165 358 inter
189 326 389 358 clamandum
410 326 458 358 his
479 338 550 357 eum
572 327 674 358 verbis
695 328 891 381 increpabat:
907 327 1093 369 ’Ἀνθρωπε,

83 376 147 402 ποῦ
180 371 324 412 βάλλειςς
358 371 487 411 σκέψαι,
521 372 549 402 εἰ
580 372 779 413 κεκάθαρται
807 373 843 403 τὸ
872 372 1016 427 ἀγγιῗῖον
1052 372 1094 404 ἂν

83 416 144 456 γὰρ
174 417 220 452 εἰς
248 427 308 456 την
338 419 445 456 οἴησιν
472 428 553 446 αυτα
576 416 713 457 muns,
743 415 901 448 ἀπώλετο·
932 429 972 457 ην
997 422 1093 458 σαπῇ,

83 463 185 501 οὺρον
218 459 236 500 ἢ
271 459 344 497 ὅξος
376 460 505 500 γένοιτο
536 459 554 500 vj
584 463 616 492 εἰ
640 472 670 491 τι
698 461 825 492 τούτων
854 462 985 501 χεῖρονῖ
1036 461 1118 493 Nil4

83 505 226 546 profecto
252 504 300 535 his
326 505 429 536 verbis
454 505 591 546 gravius,
615 505 660 535 nil
684 505 798 545 verius,
821 506 937 546 quibus
957 506 1093 537 declara-

84 549 138 580 bat
170 549 328 580 maximus
362 549 627 590 philosophorum
659 550 781 581 litteras
810 552 905 590 atque
934 550 1093 582 doctrinas

82 593 314 635 philosophiae,
334 604 405 624 eum
425 594 458 624 in
478 593 639 625 hominem
660 594 774 625 falsum
795 597 890 635 atque
906 595 1091 637 degenerem

82 640 245 678 tamquam
270 638 302 668 in
326 649 381 668 vas
406 649 554 679 spurcum
579 641 675 679 atque
699 639 859 679 pollutum
884 639 1093 680 influxissent,

84 683 171 722 verti,
195 683 320 723 mutari,
345 683 504 723 corrumpi
529 685 569 720 et,
593 683 678 724 quod
703 684 770 724 ipse
794 684 1015 725 κυνικώτερον
1039 685 1092 725 ait,

83 727 205 758 urinam
230 727 298 758 fieri
322 730 377 758 aut
401 728 427 758 si
452 728 527 768 quid
552 730 599 758 est
623 728 713 758 urina
738 729 890 769 spurcius.

148 771 315 802 Praeterea
348 771 429 802 idem
464 772 517 803 ille
546 772 761 813 Epictetus,
794 773 878 813 quod
912 784 950 803 ex
981 773 1118 804 eodemf,

83 815 270 847 Favorino
296 816 484 857 audivimus,
508 817 620 847 solitus
645 817 747 848 dicere
772 819 820 848 est
843 817 906 847 duo
929 828 996 848 esse
1016 818 1093 848 vitia

83 861 184 891 multo
212 861 354 891 omm'um
380 861 566 902 gravissima
591 872 625 891 ae
650 862 832 892 taeterrima
856 862 1092 893 intolerantiam

83 906 114 936 et
133 905 405 945 incontinentiam,
425 916 496 936 cum
517 908 572 937 aut
591 906 731 946 iniurias,
751 917 831 946 quae
849 908 923 937 sunt
937 906 1093 946 ferendae,

83 959 148 980 non
171 949 344 980 toleramus
368 961 470 990 neque
494 950 638 990 ferimus,
662 953 717 981 aut
741 962 758 981 a
782 951 897 991 quibus
921 951 1016 982 rebus
1040 962 1093 982 vo-

84 993 324 1034 luptatibusque
348 1005 405 1025 nos
429 997 535 1026 tenere
558 995 717 1035 debemus,
741 1006 806 1026 non
825 998 978 1026 tenemus.
1021 994 1118 1027 ‘Itassfi

84 1038 156 1078 que'
194 1038 299 1078 inquit
337 1039 375 1069 ‘si
413 1040 484 1079 quis
522 1039 599 1070 haee
634 1040 696 1070 duo
728 1040 824 1070 verba
857 1039 945 1070 cordi
978 1040 1094 1071 habeat

84 1093 182 1123 eaque
211 1083 272 1114 sibi
301 1084 485 1124 imperando
512 1086 606 1124 atque
632 1084 828 1115 observando
854 1087 955 1120 curet,
984 1085 1010 1115 is
1034 1085 1094 1115 erit

84 1127 234 1168 pleraque
263 1128 467 1168 inpeccabilis
492 1129 653 1170 vitamque
678 1129 762 1160 vivet
786 1129 1092 1169 tranquillissimam.

85 1170 191 1202 Verba
214 1172 291 1203 haec
315 1173 377 1203 duo
402 1173 539 1204 dicebat:
564 1173 682 1214 ἀνέχου
707 1176 739 1204 et
762 1173 892 1214 ἀπέχου.

156 1289 170 1311 5
182 1294 239 1320 sqq.
261 1286 307 1312 cfr.
324 1286 398 1318 Otto,
419 1286 549 1320 Sprichw.
566 1297 591 1320 p.
608 1289 657 1313 361

158 1395 171 1417 1
182 1393 291 1418 uideret
302 1395 322 1421 Q,
335 1393 432 1419 uideat
444 1395 476 1419 11
488 1395 525 1427 ΙΙ
512 1397 525 1411 *³
538 1394 673 1419 meditare
685 1395 738 1419 ΠΖ
753 1396 761 1426 ΙΙ
777 1397 791 1419 3
803 1394 939 1427 suspicari
950 1396 970 1427 (-
972 1394 1051 1427 rique
1062 1395 1092 1427 Q)

87 1437 107 1452 ω
122 1436 188 1453 corr.
205 1429 328 1454 Eussner
341 1430 349 1461 ΙΙ
365 1432 377 1454 ’ἲ
395 1428 480 1464 βάλῃς
500 1430 598 1471 [senc-1
612 1430 648 1455 ad
664 1430 778 1463 Epz'cm.
793 1430 828 1462 fn.
840 1432 900 1457 396
914 1428 993 1463 1οΙ
987 1440 1018 1462 ηι
1033 1430 1091 1456 (dd.

87 1466 145 1489 cett
162 1465 182 1488 Η
198 1466 244 1489 ΝΟ
266 1465 307 1489 ΗΕ
323 1466 340 1488 Ζ
361 1466 379 1489 Ν
397 1466 450 1497 ΠΙΙ
465 1467 480 1490 8
502 1465 607 1498 γένοιτο
623 1463 659 1491 ἂν
674 1466 731 1491 (dd.
748 1464 776 1499 ἐγ
772 1465 854 1491 §tero
876 1465 974 1491 Usener
988 1466 996 1498 l}
1011 1468 1025 1490 9
1046 1465 1092 1490 de-

87 1498 227 1524 clamabat
245 1501 262 1523 Z
277 1501 285 1532 ΙΙ
301 1502 332 1524 1⁶2
353 1499 529 1533 impollutum
544 1503 560 1525 Z
575 1501 583 1533 ΙΙ
601 1503 631 1525 13
652 1501 691 1526 ait
711 1509 760 1526 om.
776 1510 794 1534 γ
808 1502 816 1533 ΙΙ
832 1504 863 1526 14
884 1500 1033 1534 spurcitius
1050 1503 1070 1529 Q
1084 1502 1092 1535 ΙΙ

90 1537 119 1559 15
140 1534 225 1568 idem]
246 1534 268 1560 si
288 1535 400 1568 quidem
414 1538 438 1560 X
452 1537 460 1568 ΙΙ
475 1539 508 1561 ‘24
528 1537 567 1569 et]
589 1537 634 1561 ΚᾱΙ
651 1545 669 1569 γ
