<?xml version="1.0" encoding="UTF-8"?>
<!DOCTYPE html PUBLIC "-//W3C//DTD XHTML 1.0 Transitional//EN"
    "http://www.w3.org/TR/xhtml1/DTD/xhtml1-transitional.dtd">
<html xmlns="http://www.w3.org/1999/xhtml" xml:lang="en" lang="en">
 <head>
  <title>
</title>
<meta http-equiv="Content-Type" content="text/html;charset=utf-8" />
  <meta name='ocr-system' content='tesseract 3.04.00' />
  <meta name='ocr-capabilities' content='ocr_page ocr_carea ocr_par ocr_line ocrx_word'/>
</head>
<body>
  <div class='ocr_page' id='page_1' title='image "./agelliinoctiumat02gelluoft_0231.png"; bbox 0 0 1291 1912; ppageno 0'>
   <div class='ocr_carea' id='block_1_1' title="bbox 504 43 1072 75">
    <p class='ocr_par' dir='ltr' id='par_1_1' title="bbox 504 43 1072 75">
     <span class='ocr_line' id='line_1_1' title="bbox 504 43 1072 75; baseline 0.011 -6"><span class='ocrx_word' id='word_1_1' title='bbox 504 43 579 70; x_wconf 82' lang='lat' dir='ltr'>XVH</span> <span class='ocrx_word' id='word_1_2' title='bbox 599 47 630 69; x_wconf 80' lang='lat'>21</span> <span class='ocrx_word' id='word_1_3' title='bbox 1007 43 1072 75; x_wconf 77' lang='lat'>225</span> 
     </span>
    </p>
   </div>
   <div class='ocr_carea' id='block_1_2' title="bbox 0 124 1115 1367">
    <p class='ocr_par' dir='ltr' id='par_1_2' title="bbox 64 124 1115 299">
     <span class='ocr_line' id='line_1_2' title="bbox 64 124 1070 167; baseline 0 -11"><span class='ocrx_word' id='word_1_4' title='bbox 64 135 196 156; x_wconf 87' lang='lat' dir='ltr'>numero</span> <span class='ocrx_word' id='word_1_5' title='bbox 243 125 448 165; x_wconf 67' lang='lat' dir='ltr'>sapientium,</span> <span class='ocrx_word' id='word_1_6' title='bbox 493 126 579 167; x_wconf 85' lang='lat' dir='ltr'>leges</span> <span class='ocrx_word' id='word_1_7' title='bbox 624 126 787 166; x_wconf 82' lang='lat' dir='ltr'>scripsisse</span> <span class='ocrx_word' id='word_1_8' title='bbox 828 124 1070 156; x_wconf 85' lang='lat' dir='ltr'>Atheniensium</span> 
     </span>
     <span class='ocr_line' id='line_1_3' title="bbox 64 168 1071 212; baseline 0 -12"><span class='ocrx_word' id='word_1_9' title='bbox 64 168 237 210; x_wconf 85' lang='lat' dir='ltr'>Tarquinio</span> <span class='ocrx_word' id='word_1_10' title='bbox 271 169 378 200; x_wconf 87' lang='lat' dir='ltr'>Prisco</span> <span class='ocrx_word' id='word_1_11' title='bbox 412 169 532 201; x_wconf 87' lang='lat' dir='ltr'>Romae</span> <span class='ocrx_word' id='word_1_12' title='bbox 570 172 721 212; x_wconf 83' lang='lat' dir='ltr'>regnante</span> <span class='ocrx_word' id='word_1_13' title='bbox 758 181 840 201; x_wconf 84' lang='lat' dir='ltr'>anno</span> <span class='ocrx_word' id='word_1_14' title='bbox 877 170 967 212; x_wconf 82' lang='lat' dir='ltr'>regni</span> <span class='ocrx_word' id='word_1_15' title='bbox 1004 170 1071 201; x_wconf 87' lang='lat' dir='ltr'>eius</span> 
     </span>
     <span class='ocr_line' id='line_1_4' title="bbox 64 213 1115 256; baseline 0.001 -12"><span class='ocrx_word' id='word_1_16' title='bbox 64 214 224 245; x_wconf 87' lang='lat' dir='ltr'>tricesimo</span> <span class='ocrx_word' id='word_1_17' title='bbox 253 215 356 245; x_wconf 87' lang='lat' dir='ltr'>tertio.</span> <span class='ocrx_word' id='word_1_18' title='bbox 406 213 514 245; x_wconf 80' lang='lat' dir='ltr'>Servio</span> <span class='ocrx_word' id='word_1_19' title='bbox 544 217 649 245; x_wconf 88' lang='lat' dir='ltr'>autem</span> <span class='ocrx_word' id='word_1_20' title='bbox 678 214 784 245; x_wconf 87' lang='lat' dir='ltr'>Tullio</span> <span class='ocrx_word' id='word_1_21' title='bbox 812 217 964 256; x_wconf 72' lang='lat' dir='ltr'>regnante</span> <span class='ocrx_word' id='word_1_22' title='bbox 992 213 1071 245; x_wconf 87' lang='lat' dir='ltr'>Pisi·</span> <span class='ocrx_word' id='word_1_23' title='bbox 1100 222 1115 245; x_wconf 91' lang='lat'>5</span> 
     </span>
     <span class='ocr_line' id='line_1_5' title="bbox 64 257 1071 299; baseline 0.001 -10"><span class='ocrx_word' id='word_1_24' title='bbox 64 260 182 289; x_wconf 86' lang='lat' dir='ltr'>stratus</span> <span class='ocrx_word' id='word_1_25' title='bbox 206 257 341 289; x_wconf 76' lang='lat' dir='ltr'><strong>Athenis</strong></span> <span class='ocrx_word' id='word_1_26' title='bbox 366 260 519 299; x_wconf 84' lang='lat' dir='ltr'>tyrannus</span> <span class='ocrx_word' id='word_1_27' title='bbox 544 259 606 289; x_wconf 87' lang='lat' dir='ltr'>fuit</span> <span class='ocrx_word' id='word_1_28' title='bbox 625 258 764 290; x_wconf 87' lang='lat' dir='ltr'>Solone</span> <span class='ocrx_word' id='word_1_29' title='bbox 788 261 861 290; x_wconf 86' lang='lat' dir='ltr'>ante</span> <span class='ocrx_word' id='word_1_30' title='bbox 884 260 917 290; x_wconf 91' lang='lat' dir='ltr'>in</span> <span class='ocrx_word' id='word_1_31' title='bbox 941 259 1071 290; x_wconf 75' lang='lat' dir='ltr'>exilium</span> 
     </span>
    </p>

    <p class='ocr_par' dir='ltr' id='par_1_3' title="bbox 37 302 1115 522">
     <span class='ocr_line' id='line_1_6' title="bbox 37 302 1072 344; baseline 0.001 -11"><span class='ocrx_word' id='word_1_32' title='bbox 37 314 49 334; x_wconf 78' lang='lat'><strong>5</strong></span> <span class='ocrx_word' id='word_1_33' title='bbox 64 302 278 333; x_wconf 88' lang='lat' dir='ltr'>voluntarium</span> <span class='ocrx_word' id='word_1_34' title='bbox 308 304 466 343; x_wconf 67' lang='lat' dir='ltr'>profecto,</span> <span class='ocrx_word' id='word_1_35' title='bbox 495 304 645 343; x_wconf 86' lang='lat' dir='ltr'>quoniam</span> <span class='ocrx_word' id='word_1_36' title='bbox 674 303 706 334; x_wconf 86' lang='lat' dir='ltr'>id</span> <span class='ocrx_word' id='word_1_37' title='bbox 734 304 762 334; x_wconf 90' lang='lat' dir='ltr'>ei</span> <span class='ocrx_word' id='word_1_38' title='bbox 792 304 984 344; x_wconf 77' lang='lat' dir='ltr'>praedicenti</span> <span class='ocrx_word' id='word_1_39' title='bbox 1007 314 1072 334; x_wconf 89' lang='lat' dir='ltr'>non</span> 
     </span>
     <span class='ocr_line' id='line_1_7' title="bbox 64 346 1115 389; baseline 0.002 -12"><span class='ocrx_word' id='word_1_40' title='bbox 64 347 217 378; x_wconf 88' lang='lat' dir='ltr'>creditum</span> <span class='ocrx_word' id='word_1_41' title='bbox 242 349 298 378; x_wconf 88' lang='lat' dir='ltr'>est.</span> <span class='ocrx_word' id='word_1_42' title='bbox 340 347 454 378; x_wconf 89' lang='lat' dir='ltr'>Postea</span> <span class='ocrx_word' id='word_1_43' title='bbox 478 347 716 389; x_wconf 85' lang='lat' dir='ltr'>Pythagoras</span> <span class='ocrx_word' id='word_1_44' title='bbox 742 346 866 379; x_wconf 82' lang='lat' dir='ltr'>Samius</span> <span class='ocrx_word' id='word_1_45' title='bbox 891 348 924 378; x_wconf 88' lang='lat' dir='ltr'>in</span> <span class='ocrx_word' id='word_1_46' title='bbox 945 347 1070 379; x_wconf 87' lang='lat' dir='ltr'>Italiam</span> <span class='ocrx_word' id='word_1_47' title='bbox 1100 356 1115 380; x_wconf 81' lang='grc'>6</span> 
     </span>
     <span class='ocr_line' id='line_1_8' title="bbox 64 390 1071 434; baseline 0.001 -12"><span class='ocrx_word' id='word_1_48' title='bbox 64 391 150 422; x_wconf 88' lang='lat' dir='ltr'>venit</span> <span class='ocrx_word' id='word_1_49' title='bbox 173 390 325 432; x_wconf 86' lang='lat' dir='ltr'>Tarquini</span> <span class='ocrx_word' id='word_1_50' title='bbox 352 392 418 422; x_wconf 89' lang='lat' dir='ltr'>filio</span> <span class='ocrx_word' id='word_1_51' title='bbox 442 403 576 433; x_wconf 84' lang='lat' dir='ltr'>regnum</span> <span class='ocrx_word' id='word_1_52' title='bbox 601 392 779 433; x_wconf 86' lang='lat' dir='ltr'>optinente,</span> <span class='ocrx_word' id='word_1_53' title='bbox 808 393 857 423; x_wconf 80' lang='lat' dir='ltr'>cui</span> <span class='ocrx_word' id='word_1_54' title='bbox 882 403 1071 434; x_wconf 84' lang='lat' dir='ltr'>cognomen-</span> 
     </span>
     <span class='ocr_line' id='line_1_9' title="bbox 63 434 1115 477; baseline 0.003 -11"><span class='ocrx_word' id='word_1_55' title='bbox 63 437 131 467; x_wconf 88' lang='lat' dir='ltr'>tum</span> <span class='ocrx_word' id='word_1_56' title='bbox 161 434 324 476; x_wconf 81' lang='lat' dir='ltr'>Superbus</span> <span class='ocrx_word' id='word_1_57' title='bbox 352 436 427 476; x_wconf 85' lang='lat' dir='ltr'>fuit,</span> <span class='ocrx_word' id='word_1_58' title='bbox 455 436 618 477; x_wconf 82' lang='lat' dir='ltr'><strong>isdemque</strong></span> <span class='ocrx_word' id='word_1_59' title='bbox 646 437 845 477; x_wconf 71' lang='lat' dir='ltr'>temporibus</span> <span class='ocrx_word' id='word_1_60' title='bbox 874 438 996 468; x_wconf 84' lang='lat' dir='ltr'>occisus</span> <span class='ocrx_word' id='word_1_61' title='bbox 1025 439 1072 468; x_wconf 89' lang='lat' dir='ltr'>est</span> <span class='ocrx_word' id='word_1_62' title='bbox 1101 446 1115 469; x_wconf 82' lang='lat'><strong>7</strong></span> 
     </span>
     <span class='ocr_line' id='line_1_10' title="bbox 63 479 1072 522; baseline 0.002 -12"><span class='ocrx_word' id='word_1_63' title='bbox 63 479 198 511; x_wconf 75' lang='lat' dir='ltr'>Athenis</span> <span class='ocrx_word' id='word_1_64' title='bbox 240 480 280 511; x_wconf 91' lang='lat' dir='ltr'>ab</span> <span class='ocrx_word' id='word_1_65' title='bbox 317 479 492 511; x_wconf 84' lang='lat' dir='ltr'>Harmodio</span> <span class='ocrx_word' id='word_1_66' title='bbox 533 483 564 511; x_wconf 86' lang='lat' dir='ltr'>et</span> <span class='ocrx_word' id='word_1_67' title='bbox 600 480 821 522; x_wconf 74' lang='lat' dir='ltr'>Aristogitone</span> <span class='ocrx_word' id='word_1_68' title='bbox 858 481 1072 522; x_wconf 82' lang='lat' dir='ltr'>Hipparchus,</span> 
     </span>
    </p>

    <p class='ocr_par' dir='ltr' id='par_1_4' title="bbox 24 524 1115 688">
     <span class='ocr_line' id='line_1_11' title="bbox 24 524 1115 565; baseline 0.002 -10"><span class='ocrx_word' id='word_1_69' title='bbox 24 536 49 556; x_wconf 80' lang='grc' dir='ltr'>ιο</span> <span class='ocrx_word' id='word_1_70' title='bbox 63 524 220 556; x_wconf 70' lang='lat' dir='ltr'>Pisistrati</span> <span class='ocrx_word' id='word_1_71' title='bbox 241 525 335 565; x_wconf 87' lang='lat' dir='ltr'>filius,</span> <span class='ocrx_word' id='word_1_72' title='bbox 354 524 492 565; x_wconf 85' lang='lat' dir='ltr'>Hippiae</span> <span class='ocrx_word' id='word_1_73' title='bbox 512 525 639 565; x_wconf 73' lang='lat' dir='ltr'>tyranni</span> <span class='ocrx_word' id='word_1_74' title='bbox 656 526 760 556; x_wconf 80' lang='lat' dir='ltr'>frater.</span> <span class='ocrx_word' id='word_1_75' title='bbox 798 525 1071 557; x_wconf 82' lang='lat' dir='ltr'>Archilochum</span> <span class='ocrx_word' id='word_1_76' title='bbox 1100 535 1115 558; x_wconf 82' lang='grc'>8</span> 
     </span>
     <span class='ocr_line' id='line_1_12' title="bbox 63 568 1071 610; baseline 0.002 -11"><span class='ocrx_word' id='word_1_77' title='bbox 63 571 169 600; x_wconf 87' lang='lat' dir='ltr'>autem</span> <span class='ocrx_word' id='word_1_78' title='bbox 189 568 315 610; x_wconf 83' lang='lat' dir='ltr'>Nepos</span> <span class='ocrx_word' id='word_1_79' title='bbox 337 568 536 600; x_wconf 86' lang='lat' dir='ltr'>Cornelius</span> <span class='ocrx_word' id='word_1_80' title='bbox 557 570 610 609; x_wconf 79' lang='lat' dir='ltr'>(fr.</span> <span class='ocrx_word' id='word_1_81' title='bbox 626 572 645 600; x_wconf 76' lang='lat'><strong><em>4</em></strong></span> <span class='ocrx_word' id='word_1_82' title='bbox 663 569 715 609; x_wconf 87' lang='lat' dir='ltr'>P.)</span> <span class='ocrx_word' id='word_1_83' title='bbox 735 570 831 601; x_wconf 88' lang='lat' dir='ltr'>tradit</span> <span class='ocrx_word' id='word_1_84' title='bbox 850 569 944 601; x_wconf 91' lang='lat' dir='ltr'>Tullo</span> <span class='ocrx_word' id='word_1_85' title='bbox 964 570 1071 601; x_wconf 88' lang='lat' dir='ltr'>Hosti-</span> 
     </span>
     <span class='ocr_line' id='line_1_13' title="bbox 63 613 1071 655; baseline 0.002 -11"><span class='ocrx_word' id='word_1_86' title='bbox 63 613 107 644; x_wconf 92' lang='lat' dir='ltr'>lio</span> <span class='ocrx_word' id='word_1_87' title='bbox 132 613 252 644; x_wconf 85' lang='lat' dir='ltr'>Romae</span> <span class='ocrx_word' id='word_1_88' title='bbox 280 616 433 655; x_wconf 82' lang='lat' dir='ltr'>regnante</span> <span class='ocrx_word' id='word_1_89' title='bbox 462 614 522 644; x_wconf 79' lang='lat' dir='ltr'>iani</span> <span class='ocrx_word' id='word_1_90' title='bbox 549 616 624 644; x_wconf 83' lang='lat' dir='ltr'>tuuc</span> <span class='ocrx_word' id='word_1_91' title='bbox 647 614 746 645; x_wconf 82' lang='lat' dir='ltr'>fuisse</span> <span class='ocrx_word' id='word_1_92' title='bbox 770 615 926 655; x_wconf 84' lang='lat' dir='ltr'>poematis</span> <span class='ocrx_word' id='word_1_93' title='bbox 951 615 1071 646; x_wconf 83' lang='lat' dir='ltr'>clarum</span> 
     </span>
     <span class='ocr_line' id='line_1_14' title="bbox 63 657 265 688; baseline 0 0"><span class='ocrx_word' id='word_1_94' title='bbox 63 660 95 688; x_wconf 89' lang='lat' dir='ltr'>et</span> <span class='ocrx_word' id='word_1_95' title='bbox 117 657 265 688; x_wconf 82' lang='lat' dir='ltr'>nobilem.</span> 
     </span>
    </p>

    <p class='ocr_par' dir='ltr' id='par_1_5' title="bbox 129 701 1114 744">
     <span class='ocr_line' id='line_1_15' title="bbox 129 701 1114 744; baseline 0.003 -12"><span class='ocrx_word' id='word_1_96' title='bbox 129 701 354 733; x_wconf 79' lang='lat' dir='ltr'>Ducentesimo</span> <span class='ocrx_word' id='word_1_97' title='bbox 384 702 496 733; x_wconf 87' lang='lat' dir='ltr'>deinde</span> <span class='ocrx_word' id='word_1_98' title='bbox 525 705 556 733; x_wconf 86' lang='lat' dir='ltr'>et</span> <span class='ocrx_word' id='word_1_99' title='bbox 584 703 781 744; x_wconf 80' lang='lat' dir='ltr'>sexagesimo</span> <span class='ocrx_word' id='word_1_100' title='bbox 806 714 888 734; x_wconf 85' lang='lat' dir='ltr'>anno</span> <span class='ocrx_word' id='word_1_101' title='bbox 913 706 986 744; x_wconf 89' lang='lat' dir='ltr'>post</span> <span class='ocrx_word' id='word_1_102' title='bbox 1010 703 1071 734; x_wconf 84' lang='lat' dir='ltr'>Ro-</span> <span class='ocrx_word' id='word_1_103' title='bbox 1100 713 1114 735; x_wconf 81' lang='grc'><strong>9</strong></span> 
     </span>
    </p>

    <p class='ocr_par' dir='ltr' id='par_1_6' title="bbox 23 747 1070 788">
     <span class='ocr_line' id='line_1_16' title="bbox 23 747 1070 788; baseline 0.002 -11"><span class='ocrx_word' id='word_1_104' title='bbox 23 757 48 777; x_wconf 82' lang='lat'>15</span> <span class='ocrx_word' id='word_1_105' title='bbox 64 757 147 777; x_wconf 89' lang='lat' dir='ltr'>mam</span> <span class='ocrx_word' id='word_1_106' title='bbox 177 747 336 777; x_wconf 86' lang='lat' dir='ltr'>conditam</span> <span class='ocrx_word' id='word_1_107' title='bbox 365 749 420 777; x_wconf 87' lang='lat' dir='ltr'>aut</span> <span class='ocrx_word' id='word_1_108' title='bbox 446 758 511 777; x_wconf 89' lang='lat' dir='ltr'>non</span> <span class='ocrx_word' id='word_1_109' title='bbox 534 748 630 788; x_wconf 83' lang='lat' dir='ltr'>longe</span> <span class='ocrx_word' id='word_1_110' title='bbox 654 748 791 788; x_wconf 84' lang='lat' dir='ltr'>amplius</span> <span class='ocrx_word' id='word_1_111' title='bbox 815 748 915 778; x_wconf 83' lang='lat' dir='ltr'>victos</span> <span class='ocrx_word' id='word_1_112' title='bbox 940 759 1007 779; x_wconf 89' lang='lat' dir='ltr'>esse</span> <span class='ocrx_word' id='word_1_113' title='bbox 1031 748 1070 779; x_wconf 91' lang='lat' dir='ltr'>ab</span> 
     </span>
    </p>

    <p class='ocr_par' dir='ltr' id='par_1_7' title="bbox 0 784 1114 966">
     <span class='ocr_line' id='line_1_17' title="bbox 0 784 1072 834; baseline 0.002 -13"><span class='ocrx_word' id='word_1_114' title='bbox 0 784 2 795; x_wconf 77' lang='lat'><strong>¹</strong></span> <span class='ocrx_word' id='word_1_115' title='bbox 62 789 311 822; x_wconf 75' lang='lat' dir='ltr'>Atheniensibus</span> <span class='ocrx_word' id='word_1_116' title='bbox 344 790 455 822; x_wconf 82' lang='lat' dir='ltr'>Persas</span> <span class='ocrx_word' id='word_1_117' title='bbox 493 793 664 822; x_wconf 85' lang='lat' dir='ltr'>memoriae</span> <span class='ocrx_word' id='word_1_118' title='bbox 699 791 850 822; x_wconf 88' lang='lat' dir='ltr'>traditum</span> <span class='ocrx_word' id='word_1_119' title='bbox 884 794 931 823; x_wconf 87' lang='lat' dir='ltr'>est</span> <span class='ocrx_word' id='word_1_120' title='bbox 963 803 1072 834; x_wconf 81' lang='lat' dir='ltr'>pugna</span> 
     </span>
     <span class='ocr_line' id='line_1_18' title="bbox 63 835 1070 877; baseline 0.001 -11"><span class='ocrx_word' id='word_1_121' title='bbox 63 835 117 866; x_wconf 90' lang='lat' dir='ltr'>illa</span> <span class='ocrx_word' id='word_1_122' title='bbox 145 835 266 866; x_wconf 86' lang='lat' dir='ltr'>incluta</span> <span class='ocrx_word' id='word_1_123' title='bbox 294 835 495 866; x_wconf 86' lang='lat' dir='ltr'>Marathonia</span> <span class='ocrx_word' id='word_1_124' title='bbox 523 836 667 867; x_wconf 87' lang='lat' dir='ltr'>Miltiade</span> <span class='ocrx_word' id='word_1_125' title='bbox 695 836 786 876; x_wconf 85' lang='lat' dir='ltr'>duce,</span> <span class='ocrx_word' id='word_1_126' title='bbox 818 837 871 876; x_wconf 89' lang='lat' dir='ltr'>qui</span> <span class='ocrx_word' id='word_1_127' title='bbox 900 839 974 877; x_wconf 90' lang='lat' dir='ltr'>post</span> <span class='ocrx_word' id='word_1_128' title='bbox 1002 848 1070 867; x_wconf 87' lang='lat' dir='ltr'>eam</span> 
     </span>
     <span class='ocr_line' id='line_1_19' title="bbox 62 879 1070 921; baseline 0.002 -11"><span class='ocrx_word' id='word_1_129' title='bbox 62 880 227 911; x_wconf 86' lang='lat' dir='ltr'>victoriam</span> <span class='ocrx_word' id='word_1_130' title='bbox 262 880 428 911; x_wconf 87' lang='lat' dir='ltr'>damnatus</span> <span class='ocrx_word' id='word_1_131' title='bbox 461 892 479 911; x_wconf 88' lang='lat' dir='ltr'>a</span> <span class='ocrx_word' id='word_1_132' title='bbox 508 881 628 921; x_wconf 90' lang='lat' dir='ltr'>populo</span> <span class='ocrx_word' id='word_1_133' title='bbox 658 879 845 911; x_wconf 86' lang='lat' dir='ltr'>Atheniensi</span> <span class='ocrx_word' id='word_1_134' title='bbox 874 881 907 911; x_wconf 92' lang='lat' dir='ltr'>in</span> <span class='ocrx_word' id='word_1_135' title='bbox 935 881 1070 912; x_wconf 81' lang='lat' dir='ltr'>vinculis</span> 
     </span>
     <span class='ocr_line' id='line_1_20' title="bbox 62 924 1114 966; baseline 0.002 -11"><span class='ocrx_word' id='word_1_136' title='bbox 62 924 198 965; x_wconf 87' lang='lat' dir='ltr'>publicis</span> <span class='ocrx_word' id='word_1_137' title='bbox 223 926 357 955; x_wconf 89' lang='lat' dir='ltr'>mortem</span> <span class='ocrx_word' id='word_1_138' title='bbox 384 925 458 956; x_wconf 88' lang='lat' dir='ltr'>obit.</span> <span class='ocrx_word' id='word_1_139' title='bbox 506 924 587 955; x_wconf 87' lang='lat' dir='ltr'>Tum</span> <span class='ocrx_word' id='word_1_140' title='bbox 612 924 825 966; x_wconf 80' lang='lat' dir='ltr'>Aeschylus</span> <span class='ocrx_word' id='word_1_141' title='bbox 852 924 985 956; x_wconf 78' lang='lat' dir='ltr'>Athenis</span> <span class='ocrx_word' id='word_1_142' title='bbox 1010 928 1071 956; x_wconf 86' lang='lat' dir='ltr'>tra—</span> <span class='ocrx_word' id='word_1_143' title='bbox 1084 935 1114 957; x_wconf 89' lang='lat'>10</span> 
     </span>
    </p>

    <p class='ocr_par' dir='ltr' id='par_1_8' title="bbox 23 968 1114 1188">
     <span class='ocr_line' id='line_1_21' title="bbox 23 968 1114 1010; baseline 0.002 -11"><span class='ocrx_word' id='word_1_144' title='bbox 23 969 246 1010; x_wconf 67' lang='lat' dir='ltr'>sogoediarum</span> <span class='ocrx_word' id='word_1_145' title='bbox 285 971 379 1009; x_wconf 86' lang='lat' dir='ltr'>poeta</span> <span class='ocrx_word' id='word_1_146' title='bbox 417 969 548 1000; x_wconf 88' lang='lat' dir='ltr'>celebris</span> <span class='ocrx_word' id='word_1_147' title='bbox 584 970 653 1000; x_wconf 82' lang='lat' dir='ltr'>fuit.</span> <span class='ocrx_word' id='word_1_148' title='bbox 709 968 829 1000; x_wconf 87' lang='lat' dir='ltr'>Romae</span> <span class='ocrx_word' id='word_1_149' title='bbox 862 972 967 1000; x_wconf 87' lang='lat' dir='ltr'>autem</span> <span class='ocrx_word' id='word_1_150' title='bbox 1001 971 1071 1001; x_wconf 89' lang='lat' dir='ltr'>istis</span> <span class='ocrx_word' id='word_1_151' title='bbox 1083 980 1114 1002; x_wconf 86' lang='lat'>11</span> 
     </span>
     <span class='ocr_line' id='line_1_22' title="bbox 62 1013 1072 1055; baseline 0.003 -12"><span class='ocrx_word' id='word_1_152' title='bbox 62 1013 160 1044; x_wconf 84' lang='lat' dir='ltr'>ferme</span> <span class='ocrx_word' id='word_1_153' title='bbox 184 1013 381 1054; x_wconf 86' lang='lat' dir='ltr'>temporibus</span> <span class='ocrx_word' id='word_1_154' title='bbox 405 1014 551 1045; x_wconf 87' lang='lat' dir='ltr'>tribunos</span> <span class='ocrx_word' id='word_1_155' title='bbox 576 1016 607 1044; x_wconf 90' lang='lat' dir='ltr'>et</span> <span class='ocrx_word' id='word_1_156' title='bbox 630 1014 747 1045; x_wconf 81' lang='lat' dir='ltr'>aediles</span> <span class='ocrx_word' id='word_1_157' title='bbox 768 1016 837 1044; x_wconf 90' lang='lat' dir='ltr'>tum</span> <span class='ocrx_word' id='word_1_158' title='bbox 858 1015 995 1054; x_wconf 88' lang='lat' dir='ltr'>primum</span> <span class='ocrx_word' id='word_1_159' title='bbox 1016 1025 1072 1055; x_wconf 90' lang='lat' dir='ltr'>per</span> 
     </span>
     <span class='ocr_line' id='line_1_23' title="bbox 63 1057 1070 1099; baseline 0.002 -11"><span class='ocrx_word' id='word_1_160' title='bbox 63 1057 251 1088; x_wconf 89' lang='lat' dir='ltr'>seditionem</span> <span class='ocrx_word' id='word_1_161' title='bbox 285 1058 345 1088; x_wconf 90' lang='lat' dir='ltr'>sibi</span> <span class='ocrx_word' id='word_1_162' title='bbox 376 1058 483 1099; x_wconf 89' lang='lat' dir='ltr'>plebes</span> <span class='ocrx_word' id='word_1_163' title='bbox 513 1059 643 1098; x_wconf 83' lang='lat' dir='ltr'>creavit,</span> <span class='ocrx_word' id='word_1_164' title='bbox 675 1068 712 1089; x_wconf 85' lang='lat' dir='ltr'>ac</span> <span class='ocrx_word' id='word_1_165' title='bbox 740 1069 804 1089; x_wconf 92' lang='lat' dir='ltr'>non</span> <span class='ocrx_word' id='word_1_166' title='bbox 833 1059 885 1089; x_wconf 91' lang='lat' dir='ltr'>diu</span> <span class='ocrx_word' id='word_1_167' title='bbox 914 1061 987 1099; x_wconf 90' lang='lat' dir='ltr'>post</span> <span class='ocrx_word' id='word_1_168' title='bbox 1015 1058 1070 1090; x_wconf 89' lang='lat' dir='ltr'>Cn.</span> 
     </span>
     <span class='ocr_line' id='line_1_24' title="bbox 62 1101 1071 1144; baseline 0.002 -12"><span class='ocrx_word' id='word_1_169' title='bbox 62 1101 199 1132; x_wconf 83' lang='lat' dir='ltr'>Marcius</span> <span class='ocrx_word' id='word_1_170' title='bbox 229 1101 416 1133; x_wconf 82' lang='lat' dir='ltr'>Coriolanus</span> <span class='ocrx_word' id='word_1_171' title='bbox 449 1103 628 1144; x_wconf 79' lang='lat' dir='ltr'>exagitatus</span> <span class='ocrx_word' id='word_1_172' title='bbox 660 1105 856 1143; x_wconf 80' lang='lat' dir='ltr'>vexatusque</span> <span class='ocrx_word' id='word_1_173' title='bbox 889 1115 906 1133; x_wconf 86' lang='lat' dir='ltr'>a</span> <span class='ocrx_word' id='word_1_174' title='bbox 934 1103 1071 1134; x_wconf 87' lang='lat' dir='ltr'>tribunis</span> 
     </span>
     <span class='ocr_line' id='line_1_25' title="bbox 63 1146 1071 1188; baseline 0.002 -11"><span class='ocrx_word' id='word_1_175' title='bbox 63 1146 149 1187; x_wconf 89' lang='lat' dir='ltr'>plebi</span> <span class='ocrx_word' id='word_1_176' title='bbox 173 1146 211 1177; x_wconf 88' lang='lat' dir='ltr'>ad</span> <span class='ocrx_word' id='word_1_177' title='bbox 231 1146 377 1186; x_wconf 88' lang='lat' dir='ltr'>Vulscos,</span> <span class='ocrx_word' id='word_1_178' title='bbox 401 1147 455 1187; x_wconf 88' lang='lat' dir='ltr'>qui</span> <span class='ocrx_word' id='word_1_179' title='bbox 479 1149 548 1178; x_wconf 90' lang='lat' dir='ltr'>tum</span> <span class='ocrx_word' id='word_1_180' title='bbox 570 1147 677 1178; x_wconf 85' lang='lat' dir='ltr'>hostes</span> <span class='ocrx_word' id='word_1_181' title='bbox 697 1150 794 1187; x_wconf 84' lang='lat' dir='ltr'>erant,</span> <span class='ocrx_word' id='word_1_182' title='bbox 819 1159 837 1178; x_wconf 90' lang='lat' dir='ltr'>a</span> <span class='ocrx_word' id='word_1_183' title='bbox 854 1159 918 1188; x_wconf 85' lang='lat' dir='ltr'>rep.</span> <span class='ocrx_word' id='word_1_184' title='bbox 939 1148 1071 1179; x_wconf 83' lang='lat' dir='ltr'>descivit</span> 
     </span>
    </p>

    <p class='ocr_par' dir='ltr' id='par_1_9' title="bbox 0 1190 666 1232">
     <span class='ocr_line' id='line_1_26' title="bbox 0 1190 666 1232; baseline 0.002 -11"><span class='ocrx_word' id='word_1_185' title='bbox 0 1201 48 1232; x_wconf 44' lang='grc' dir='ltr'>Ἰ,115</span> <span class='ocrx_word' id='word_1_186' title='bbox 63 1190 246 1231; x_wconf 83' lang='lat' dir='ltr'>bellumque</span> <span class='ocrx_word' id='word_1_187' title='bbox 270 1192 390 1231; x_wconf 76' lang='lat' dir='ltr'>populo</span> <span class='ocrx_word' id='word_1_188' title='bbox 413 1191 559 1222; x_wconf 85' lang='lat' dir='ltr'>Romano</span> <span class='ocrx_word' id='word_1_189' title='bbox 584 1192 666 1222; x_wconf 87' lang='lat' dir='ltr'>fecit.</span> 
     </span>
    </p>

    <p class='ocr_par' dir='ltr' id='par_1_10' title="bbox 2 1229 1113 1277">
     <span class='ocr_line' id='line_1_27' title="bbox 2 1229 1113 1277; baseline 0.002 -11"><span class='ocrx_word' id='word_1_190' title='bbox 2 1229 7 1241; x_wconf 76' lang='lat'><strong>³</strong></span> <span class='ocrx_word' id='word_1_191' title='bbox 128 1234 205 1266; x_wconf 87' lang='lat' dir='ltr'>Post</span> <span class='ocrx_word' id='word_1_192' title='bbox 229 1235 341 1266; x_wconf 86' lang='lat' dir='ltr'>deinde</span> <span class='ocrx_word' id='word_1_193' title='bbox 364 1237 473 1277; x_wconf 84' lang='lat' dir='ltr'>paucis</span> <span class='ocrx_word' id='word_1_194' title='bbox 497 1236 588 1267; x_wconf 88' lang='lat' dir='ltr'>annis</span> <span class='ocrx_word' id='word_1_195' title='bbox 613 1236 732 1267; x_wconf 79' lang='lat' dir='ltr'>Xerxes</span> <span class='ocrx_word' id='word_1_196' title='bbox 755 1247 811 1267; x_wconf 80' lang='lat' dir='ltr'>rex</span> <span class='ocrx_word' id='word_1_197' title='bbox 834 1236 874 1267; x_wconf 93' lang='lat' dir='ltr'>ab</span> <span class='ocrx_word' id='word_1_198' title='bbox 898 1235 1070 1268; x_wconf 88' lang='lat' dir='ltr'>Athenien-</span> <span class='ocrx_word' id='word_1_199' title='bbox 1083 1246 1113 1269; x_wconf 80' lang='lat'>12</span> 
     </span>
    </p>

    <p class='ocr_par' dir='ltr' id='par_1_11' title="bbox 63 1279 1070 1320">
     <span class='ocr_line' id='line_1_28' title="bbox 63 1279 1070 1320; baseline 0.002 -10"><span class='ocrx_word' id='word_1_200' title='bbox 63 1279 149 1310; x_wconf 87' lang='lat' dir='ltr'>sibus</span> <span class='ocrx_word' id='word_1_201' title='bbox 187 1282 218 1311; x_wconf 89' lang='lat' dir='ltr'>et</span> <span class='ocrx_word' id='word_1_202' title='bbox 255 1280 404 1320; x_wconf 88' lang='lat' dir='ltr'>pleraque</span> <span class='ocrx_word' id='word_1_203' title='bbox 439 1279 570 1311; x_wconf 84' lang='lat' dir='ltr'>Graecia</span> <span class='ocrx_word' id='word_1_204' title='bbox 602 1280 817 1311; x_wconf 82' lang='lat' dir='ltr'>Themistocle</span> <span class='ocrx_word' id='word_1_205' title='bbox 855 1281 933 1312; x_wconf 86' lang='lat' dir='ltr'>duce</span> <span class='ocrx_word' id='word_1_206' title='bbox 966 1282 1070 1312; x_wconf 82' lang='lat' dir='ltr'>navah</span> 
     </span>
    </p>

    <p class='ocr_par' dir='ltr' id='par_1_12' title="bbox 62 1324 1071 1367">
     <span class='ocr_line' id='line_1_29' title="bbox 62 1324 1071 1367; baseline 0.002 -13"><span class='ocrx_word' id='word_1_207' title='bbox 62 1324 197 1364; x_wconf 85' lang='lat' dir='ltr'>proelio,</span> <span class='ocrx_word' id='word_1_208' title='bbox 222 1324 306 1364; x_wconf 88' lang='lat' dir='ltr'>quod</span> <span class='ocrx_word' id='word_1_209' title='bbox 330 1325 369 1355; x_wconf 91' lang='lat' dir='ltr'>ad</span> <span class='ocrx_word' id='word_1_210' title='bbox 394 1324 555 1356; x_wconf 83' lang='lat' dir='ltr'>Salamina</span> <span class='ocrx_word' id='word_1_211' title='bbox 577 1325 697 1356; x_wconf 86' lang='lat' dir='ltr'>factum</span> <span class='ocrx_word' id='word_1_212' title='bbox 722 1327 777 1365; x_wconf 83' lang='lat' dir='ltr'>est,</span> <span class='ocrx_word' id='word_1_213' title='bbox 801 1325 904 1356; x_wconf 84' lang='lat' dir='ltr'>vietus</span> <span class='ocrx_word' id='word_1_214' title='bbox 929 1325 1071 1367; x_wconf 80' lang='lat' dir='ltr'>fugatus-</span> 
     </span>
    </p>
   </div>
   <div class='ocr_carea' id='block_1_3' title="bbox 63 1400 176 1403">
    <p class='ocr_par' dir='ltr' id='par_1_13' title="bbox 63 1400 176 1403">
     <span class='ocr_line' id='line_1_30' title="bbox 63 1400 176 1403; baseline 0 0"><span class='ocrx_word' id='word_1_215' title='bbox 63 1400 176 1403; x_wconf 95' lang='lat' dir='ltr'> </span> 
     </span>
    </p>
   </div>
   <div class='ocr_carea' id='block_1_4' title="bbox 63 1445 1070 1516">
    <p class='ocr_par' dir='ltr' id='par_1_14' title="bbox 63 1445 1070 1516">
     <span class='ocr_line' id='line_1_31' title="bbox 134 1445 1070 1482; baseline 0.002 -10"><span class='ocrx_word' id='word_1_216' title='bbox 134 1449 148 1472; x_wconf 82' lang='grc'>6</span> <span class='ocrx_word' id='word_1_217' title='bbox 160 1455 199 1480; x_wconf 89' lang='lat' dir='ltr'>sq.</span> <span class='ocrx_word' id='word_1_218' title='bbox 216 1445 269 1472; x_wconf 91' lang='lat' dir='ltr'>Cic.</span> <span class='ocrx_word' id='word_1_219' title='bbox 281 1446 352 1472; x_wconf 88' lang='lat' dir='ltr'>Tusc</span> <span class='ocrx_word' id='word_1_220' title='bbox 371 1446 436 1479; x_wconf 72' lang='lat'>116,</span> <span class='ocrx_word' id='word_1_221' title='bbox 447 1447 538 1479; x_wconf 75' lang='lat' dir='ltr'><strong>33(1&#39;V</strong></span> <span class='ocrx_word' id='word_1_222' title='bbox 551 1450 573 1480; x_wconf 73' lang='lat'>1,</span> <span class='ocrx_word' id='word_1_223' title='bbox 585 1449 610 1480; x_wconf 76' lang='lat'>2&gt;</span> <span class='ocrx_word' id='word_1_224' title='bbox 622 1447 655 1472; x_wconf 83' lang='lat' dir='ltr'>de</span> <span class='ocrx_word' id='word_1_225' title='bbox 666 1455 694 1473; x_wconf 87' lang='lat' dir='ltr'>re</span> <span class='ocrx_word' id='word_1_226' title='bbox 705 1456 731 1480; x_wconf 89' lang='lat' dir='ltr'>p.</span> <span class='ocrx_word' id='word_1_227' title='bbox 742 1447 767 1473; x_wconf 92' lang='grc' dir='ltr'>Π</span> <span class='ocrx_word' id='word_1_228' title='bbox 779 1450 820 1480; x_wconf 85' lang='lat'>15,</span> <span class='ocrx_word' id='word_1_229' title='bbox 832 1450 864 1473; x_wconf 77' lang='lat'>28</span> <span class='ocrx_word' id='word_1_230' title='bbox 953 1451 983 1473; x_wconf 85' lang='lat'>11</span> <span class='ocrx_word' id='word_1_231' title='bbox 1004 1448 1070 1482; x_wconf 82' lang='lat' dir='ltr'>(Cic.</span> 
     </span>
     <span class='ocr_line' id='line_1_32' title="bbox 63 1481 787 1516; baseline 0.001 -9"><span class='ocrx_word' id='word_1_232' title='bbox 63 1481 142 1507; x_wconf 83' lang='lat' dir='ltr'>Tusc.</span> <span class='ocrx_word' id='word_1_233' title='bbox 157 1482 169 1507; x_wconf 95' lang='grc' dir='ltr'>Ι</span> <span class='ocrx_word' id='word_1_234' title='bbox 186 1485 208 1514; x_wconf 81' lang='grc'>1,</span> <span class='ocrx_word' id='word_1_235' title='bbox 225 1485 250 1511; x_wconf 76' lang='grc'>3)</span> <span class='ocrx_word' id='word_1_236' title='bbox 359 1486 391 1508; x_wconf 64' lang='lat'>*22</span> <span class='ocrx_word' id='word_1_237' title='bbox 403 1492 461 1516; x_wconf 86' lang='lat' dir='ltr'>sqq.</span> <span class='ocrx_word' id='word_1_238' title='bbox 483 1482 537 1508; x_wconf 87' lang='lat' dir='ltr'>Cic.</span> <span class='ocrx_word' id='word_1_239' title='bbox 554 1483 629 1508; x_wconf 84' lang='lat' dir='ltr'>Brut.</span> <span class='ocrx_word' id='word_1_240' title='bbox 646 1482 670 1508; x_wconf 79' lang='lat' dir='ltr'>X</span> <span class='ocrx_word' id='word_1_241' title='bbox 684 1486 715 1508; x_wconf 76' lang='lat'>41</span> <span class='ocrx_word' id='word_1_242' title='bbox 729 1491 787 1516; x_wconf 83' lang='lat' dir='ltr'>sqq.</span> 
     </span>
    </p>
   </div>
   <div class='ocr_carea' id='block_1_5' title="bbox 63 1588 1071 1766">
    <p class='ocr_par' dir='ltr' id='par_1_15' title="bbox 63 1588 1070 1754">
     <span class='ocr_line' id='line_1_33' title="bbox 134 1588 1070 1624; baseline 0.002 -10"><span class='ocrx_word' id='word_1_243' title='bbox 134 1592 148 1614; x_wconf 81' lang='lat'><strong>3</strong></span> <span class='ocrx_word' id='word_1_244' title='bbox 174 1588 286 1614; x_wconf 87' lang='lat' dir='ltr'>seruilio</span> <span class='ocrx_word' id='word_1_245' title='bbox 310 1590 353 1621; x_wconf 56' lang='grc' dir='ltr'>(ω,-</span> <span class='ocrx_word' id='word_1_246' title='bbox 372 1589 405 1614; x_wconf 90' lang='grc'>-11</span> <span class='ocrx_word' id='word_1_247' title='bbox 423 1591 457 1622; x_wconf 75' lang='grc' dir='ltr'>Χ)</span> <span class='ocrx_word' id='word_1_248' title='bbox 476 1591 521 1623; x_wconf 73' lang='grc' dir='ltr'>γα</span> <span class='ocrx_word' id='word_1_249' title='bbox 539 1591 547 1621; x_wconf 79' lang='lat' dir='ltr'>{l</span> <span class='ocrx_word' id='word_1_250' title='bbox 567 1593 581 1614; x_wconf 75' lang='lat'>4</span> <span class='ocrx_word' id='word_1_251' title='bbox 606 1588 730 1622; x_wconf 88' lang='lat' dir='ltr'>sylonem</span> <span class='ocrx_word' id='word_1_252' title='bbox 755 1591 847 1616; x_wconf 71' lang='lat' dir='ltr'>autem</span> <span class='ocrx_word' id='word_1_253' title='bbox 866 1592 883 1615; x_wconf 87' lang='lat' dir='ltr'><strong>z</strong></span> <span class='ocrx_word' id='word_1_254' title='bbox 903 1591 911 1623; x_wconf 84' lang='grc' dir='ltr'>ΙΙ</span> <span class='ocrx_word' id='word_1_255' title='bbox 932 1592 945 1615; x_wconf 85' lang='grc'>7</span> <span class='ocrx_word' id='word_1_256' title='bbox 970 1598 1070 1624; x_wconf 84' lang='lat' dir='ltr'>cogno-</span> 
     </span>
     <span class='ocr_line' id='line_1_34' title="bbox 63 1624 1070 1660; baseline 0.002 -11"><span class='ocrx_word' id='word_1_257' title='bbox 63 1631 126 1649; x_wconf 88' lang='lat' dir='ltr'>men</span> <span class='ocrx_word' id='word_1_258' title='bbox 143 1625 174 1649; x_wconf 90' lang='grc' dir='ltr'>Π</span> <span class='ocrx_word' id='word_1_259' title='bbox 187 1626 195 1657; x_wconf 78' lang='grc' dir='ltr'>Η</span> <span class='ocrx_word' id='word_1_260' title='bbox 210 1627 224 1649; x_wconf 78' lang='grc'><strong>9</strong></span> <span class='ocrx_word' id='word_1_261' title='bbox 247 1624 370 1650; x_wconf 83' lang='lat' dir='ltr'>armodio</span> <span class='ocrx_word' id='word_1_262' title='bbox 386 1635 406 1649; x_wconf 92' lang='grc' dir='ltr'>ω</span> <span class='ocrx_word' id='word_1_263' title='bbox 421 1626 429 1657; x_wconf 88' lang='grc' dir='ltr'>ΙΙ</span> <span class='ocrx_word' id='word_1_264' title='bbox 446 1628 476 1650; x_wconf 87' lang='grc'>11</span> <span class='ocrx_word' id='word_1_265' title='bbox 497 1625 578 1650; x_wconf 86' lang='lat' dir='ltr'>tullio</span> <span class='ocrx_word' id='word_1_266' title='bbox 594 1626 708 1651; x_wconf 80' lang='grc' dir='ltr'>δΟΠΧ</span> <span class='ocrx_word' id='word_1_267' title='bbox 722 1627 730 1658; x_wconf 83' lang='grc' dir='ltr'>ΙΙ</span> <span class='ocrx_word' id='word_1_268' title='bbox 746 1628 778 1650; x_wconf 81' lang='lat'>15</span> <span class='ocrx_word' id='word_1_269' title='bbox 798 1625 833 1651; x_wconf 87' lang='lat' dir='ltr'>ab</span> <span class='ocrx_word' id='word_1_270' title='bbox 849 1634 897 1651; x_wconf 82' lang='lat' dir='ltr'>om.</span> <span class='ocrx_word' id='word_1_271' title='bbox 914 1628 931 1650; x_wconf 88' lang='lat' dir='ltr'>Z</span> <span class='ocrx_word' id='word_1_272' title='bbox 945 1627 953 1659; x_wconf 80' lang='grc' dir='ltr'>Η</span> <span class='ocrx_word' id='word_1_273' title='bbox 970 1629 1001 1651; x_wconf 85' lang='grc'>16</span> <span class='ocrx_word' id='word_1_274' title='bbox 1021 1635 1070 1660; x_wconf 88' lang='lat' dir='ltr'>pu-</span> 
     </span>
     <span class='ocr_line' id='line_1_35' title="bbox 63 1660 1070 1695; baseline 0.004 -11"><span class='ocrx_word' id='word_1_275' title='bbox 63 1667 147 1692; x_wconf 85' lang='lat' dir='ltr'>gnam</span> <span class='ocrx_word' id='word_1_276' title='bbox 175 1661 364 1693; x_wconf 82' lang='lat' dir='ltr'>(pugnamque</span> <span class='ocrx_word' id='word_1_277' title='bbox 393 1662 420 1693; x_wconf 83' lang='grc' dir='ltr'>ς)</span> <span class='ocrx_word' id='word_1_278' title='bbox 448 1660 526 1685; x_wconf 85' lang='lat' dir='ltr'>illam</span> <span class='ocrx_word' id='word_1_279' title='bbox 555 1660 689 1686; x_wconf 86' lang='lat' dir='ltr'>inclutam</span> <span class='ocrx_word' id='word_1_280' title='bbox 717 1661 942 1695; x_wconf 43' lang='lat' dir='ltr'>marasmoniam</span> <span class='ocrx_word' id='word_1_281' title='bbox 971 1671 991 1687; x_wconf 93' lang='grc' dir='ltr'>ω</span> <span class='ocrx_word' id='word_1_282' title='bbox 1022 1663 1070 1688; x_wconf 82' lang='lat' dir='ltr'>Gr.</span> 
     </span>
     <span class='ocr_line' id='line_1_36' title="bbox 64 1694 1070 1754; baseline 0.004 -35"><span class='ocrx_word' id='word_1_283' title='bbox 64 1694 316 1754; x_wconf 56' lang='lat' dir='ltr'>{pugnatamque&gt;</span> <span class='ocrx_word' id='word_1_284' title='bbox 336 1703 459 1736; x_wconf 76' lang='lat' dir='ltr'>pugnam</span> <span class='ocrx_word' id='word_1_285' title='bbox 478 1696 588 1721; x_wconf 73' lang='lat' dir='ltr'>Alanus</span> <span class='ocrx_word' id='word_1_286' title='bbox 601 1698 610 1729; x_wconf 74' lang='lat' dir='ltr'>ss</span> <span class='ocrx_word' id='word_1_287' title='bbox 625 1699 657 1721; x_wconf 75' lang='lat'>23</span> <span class='ocrx_word' id='word_1_288' title='bbox 680 1696 881 1746; x_wconf 67' lang='lat' dir='ltr'>cor(rsiplanius</span> <span class='ocrx_word' id='word_1_289' title='bbox 901 1698 923 1723; x_wconf 75' lang='grc' dir='ltr'><em>δ</em></span> <span class='ocrx_word' id='word_1_290' title='bbox 937 1698 993 1730; x_wconf 75' lang='grc'>1124</span> <span class='ocrx_word' id='word_1_291' title='bbox 1012 1697 1070 1731; x_wconf 88' lang='lat' dir='ltr'>ple-</span> 
     </span>
    </p>

    <p class='ocr_par' dir='ltr' id='par_1_16' title="bbox 84 1730 1071 1766">
     <span class='ocr_line' id='line_1_37' title="bbox 84 1730 1071 1766; baseline 0.003 -11"><span class='ocrx_word' id='word_1_292' title='bbox 84 1738 107 1755; x_wconf 87' lang='lat' dir='ltr'>is</span> <span class='ocrx_word' id='word_1_293' title='bbox 127 1730 176 1756; x_wconf 70' lang='lat' dir='ltr'>«m</span> <span class='ocrx_word' id='word_1_294' title='bbox 193 1731 196 1764; x_wconf 86' lang='grc' dir='ltr'>Ι</span> <span class='ocrx_word' id='word_1_295' title='bbox 214 1732 293 1756; x_wconf 84' lang='lat' dir='ltr'>erant</span> <span class='ocrx_word' id='word_1_296' title='bbox 313 1730 453 1757; x_wconf 81' lang='lat' dir='ltr'>abdesunt</span> <span class='ocrx_word' id='word_1_297' title='bbox 473 1731 638 1764; x_wconf 83' lang='lat' dir='ltr'>(abdescunt</span> <span class='ocrx_word' id='word_1_298' title='bbox 656 1733 683 1764; x_wconf 90' lang='grc' dir='ltr'>Ζ)</span> <span class='ocrx_word' id='word_1_299' title='bbox 703 1733 726 1758; x_wconf 74' lang='grc' dir='ltr'><em>ό</em></span> <span class='ocrx_word' id='word_1_300' title='bbox 743 1733 752 1765; x_wconf 75' lang='grc' dir='ltr'>ΙΙ</span> <span class='ocrx_word' id='word_1_301' title='bbox 774 1734 803 1757; x_wconf 79' lang='lat'>26</span> <span class='ocrx_word' id='word_1_302' title='bbox 823 1740 926 1766; x_wconf 72' lang='lat' dir='ltr'>paucos</span> <span class='ocrx_word' id='word_1_303' title='bbox 946 1741 1032 1758; x_wconf 82' lang='lat' dir='ltr'>annos</span> <span class='ocrx_word' id='word_1_304' title='bbox 1046 1736 1071 1758; x_wconf 85' lang='lat' dir='ltr'>X</span> 
     </span>
    </p>
   </div>
   <div class='ocr_carea' id='block_1_6' title="bbox 118 1778 911 1802">
    <p class='ocr_par' dir='ltr' id='par_1_17' title="bbox 118 1778 911 1802">
     <span class='ocr_line' id='line_1_38' title="bbox 118 1778 911 1802; baseline 0.005 -4"><span class='ocrx_word' id='word_1_305' title='bbox 118 1778 224 1799; x_wconf 65' lang='lat' dir='ltr'>Gnmvs</span> <span class='ocrx_word' id='word_1_306' title='bbox 239 1780 273 1799; x_wconf 79' lang='lat' dir='ltr'>ed.</span> <span class='ocrx_word' id='word_1_307' title='bbox 289 1780 396 1799; x_wconf 75' lang='lat' dir='ltr'>Hosius</span> <span class='ocrx_word' id='word_1_308' title='bbox 410 1780 435 1799; x_wconf 84' lang='grc' dir='ltr'><strong>Π</strong></span> <span class='ocrx_word' id='word_1_309' title='bbox 880 1780 911 1802; x_wconf 88' lang='grc'>15</span> 
     </span>
    </p>
   </div>
  </div>
 </body>
</html>
