1291 1912
492 65 568 92 XVII
590 69 634 98 103
656 70 686 92 11
1031 66 1092 97 211

85 149 194 190 gessit,
217 148 352 190 globos
377 159 504 188 quoque
526 149 778 187 flammarum,
802 147 888 188 quod
908 148 961 178 ille
981 159 1094 187 κρου-
1108 157 1139 179 15

86 195 178 230 vous
215 193 352 232 dixerat,
394 193 513 224 duriter
550 195 581 224 et
618 192 746 233 ἀκύρως
783 193 953 223 transtulit.
1014 191 1094 223 Item
1108 201 1139 224 16

85 237 171 278 quod
194 237 252 268 ait:
281 238 404 268 sidera
428 237 578 278 lambit,
601 240 750 268 vacanter
772 237 833 268 hoc
859 237 966 268 etiam'
990 237 1095 277 inquit
1142 254 1148 270 τ

85 281 309 313 ‘accumulavit
351 284 382 313 et
422 282 579 313 inaniter?
639 281 752 322 Neque
794 292 859 312 non
898 281 930 312 id
968 290 1138 322 quoquest

58 341 69 360 5
84 325 294 358 inenarrabile
319 337 385 357 esse
409 327 453 357 ait
477 328 508 357 et
532 326 762 367 propemodum
788 326 986 366 insensibile,
1010 326 1094 367 quod

83 370 218 402 nubem
247 373 364 401 atram
394 371 538 402 fumare
567 371 646 402 dixit
672 371 825 402 turbine
850 371 957 411 piceo
983 373 1018 401 et
1042 370 1094 401 fa-

84 415 177 446 villa
211 415 402 446 candente.
456 414 542 446 ‘Non
570 415 654 446 enim
682 415 816 446 fumare’
845 415 950 456 inquit
978 415 1137 446 ‘solentis

83 470 186 500 neque
205 462 272 491 atra
293 471 368 499 esse,
393 470 473 500 quae
493 462 567 490 sunt
587 459 766 499 candentia;
790 460 851 491 nisi
872 460 897 490 si
918 460 1094 491 candenti

84 504 165 535 dixit
188 505 376 545 pervulgate
399 506 430 535 et
453 505 617 545 inproprie
641 515 698 545 pro
722 504 857 535 ferventi
882 504 1004 543 favilla,
1030 515 1095 535 non

43 563 68 583 10
83 559 142 590 pro
166 549 260 590 ignea
284 552 315 580 et
338 549 500 580 relucenti
544 549 628 580 Nam
654 549 813 580 ‘candens'
838 549 959 580 scilicet
982 560 1000 579 a
1025 560 1093 580 can-

84 593 160 624 dore
192 593 326 633 dictum,
360 603 426 624 non
458 605 476 624 a
509 594 621 624 calore.
677 593 769 630 Quod
802 604 890 624 saxa
923 595 1028 624 autem
1063 596 1137 625 et19

82 638 262 678 scopulos
289 638 455 669 eructari
484 640 515 669 et
539 639 636 679 erigi
661 638 851 678 eosdemque
875 639 961 679 ipsos
986 639 1093 669 statim

81 682 279 723 liquefieri
308 684 339 713 et
367 693 515 723 gemere
541 685 637 723 atque
661 683 866 724 glomerari
892 682 959 713 sub
984 694 1093 713 auras

82 727 174 766 dixit,
203 727 275 758 hoc’
306 727 410 767 inquit
440 727 508 757 ‘nec
537 738 554 757 a
578 727 742 758 Pindaro
768 727 921 768 scriptum
945 738 1003 758 nec
1026 738 1093 758 um-

42 786 67 806 15
83 782 178 812 quam
202 771 298 802 fando
322 772 466 802 auditum
491 774 522 802 et
547 772 701 811 omnium,
724 783 805 812 quae
823 774 965 802 monstra
986 772 1093 802 dicun-

81 818 147 856 tur,
171 816 501 847 monstruosissimum
525 817 592 847 est.'

565 904 610 935 XI

81 964 160 996 Quod
180 965 345 991 Plutarchus
370 966 399 991 in
422 965 501 991 libris
526 966 708 999 symposiacis
732 966 891 999 opinionem
911 965 1036 991 Platonis
1058 966 1092 992 de

116 1000 215 1026 habitu
235 1003 318 1034 atque
339 1003 438 1027 natura
458 1001 594 1027 stomachi
615 1001 780 1034 fistulaeque
800 1001 868 1034 eius,
888 1010 959 1035 quae
979 1006 1091 1035 τραχεῖα

41 1045 66 1064 20
116 1036 227 1069 dicitur,
248 1037 393 1062 adversum
408 1036 607 1062 Erasistratum
627 1037 765 1063 medicum
784 1038 893 1063 tutatus
913 1039 955 1063 est
973 1037 1092 1063 auctori-

115 1073 173 1098 tate
193 1072 323 1098 adhibita
343 1073 452 1106 antiqui
470 1072 573 1098 medici
592 1072 779 1106 Hippocratis.

145 1134 189 1166 Et
220 1135 450 1167 Plutarchus
479 1143 623 1176 (sympos.
654 1136 725 1168 VH
743 1138 776 1177 1)
810 1139 841 1168 et
873 1137 928 1167 alii
962 1136 1091 1177 quidam
1120 1147 1133 1169 1

81 1179 166 1211 docti
196 1180 256 1211 viri
283 1181 510 1222 reprehensum
540 1192 607 1212 esse
635 1181 674 1212 ab
703 1180 956 1220 Erasistrato,
989 1181 1091 1212 nobili

80 1224 211 1264 medico,
234 1226 352 1265 01194
367 1225 444 1259 Fa.)
464 1225 662 1256 Platonem
687 1226 849 1266 scripsere,
874 1226 959 1266 quod
978 1228 1089 1266 potum

0 1287 4 1307 Ι
41 1282 65 1302 25
80 1268 160 1300 dixit
174 1269 270 1309 (Tim.
287 1272 371 1310 441).
385 1273 424 1301 91
435 1271 482 1307 A,-
498 1273 537 1301 31
550 1282 579 1309 p
593 1273 632 1302 70
646 1270 684 1305 C)
699 1270 836 1301 defluere
851 1270 890 1300 ad
906 1270 1089 1311 pulmonem

80 1323 186 1364 eoque
213 1314 289 1345 satis
322 1314 505 1346 humectato
539 1306 706 1346 demanare
738 1326 795 1355 per
828 1326 913 1349 euin
947 1315 1020 1354 quia
1049 1315 1090 1345 sit

79 1357 239 1398 rimosior,
282 1361 312 1390 et
350 1359 508 1390 confluere
545 1360 617 1390 inde
654 1360 687 1390 in
724 1359 874 1398 vesicam,
912 1359 1090 1399 errorisque

79 1401 171 1432 istius
201 1403 298 1434 fuisse
326 1402 507 1434 Alcaeum
536 1403 662 1443 ducem,
695 1404 750 1444 qui
777 1404 811 1434 in
839 1404 995 1444 poematis
1025 1404 1089 1434 suis

79 1446 230 1478 scriberet
254 1448 307 1487 (fr.
322 1450 363 1479 39
379 1447 458 1489 B.{):

151 1554 183 1577 2⁶2
194 1561 252 1585 sqq.
274 1552 357 1578 Maer.
374 1553 423 1578 VH
440 1556 480 1585 15,
497 1557 509 1578 1
523 1562 581 1586 sqq.
603 1553 657 1579 Cic⁴
674 1555 729 1578 nat.
746 1553 771 1578 d.
788 1553 811 1578 Π
825 1556 866 1584 54,
884 1556 932 1578 135
944 1562 1003 1587 sqq.
1020 1553 1088 1587 Hip-

77 1594 151 1620 pocr.
166 1587 191 1613 11
206 1591 257 1613 374
268 1588 299 1613 K.
321 1588 416 1614 Galen.
432 1589 457 1614 Π
473 1592 521 1614 111
542 1589 567 1614 V
583 1592 632 1614 713
644 1598 703 1622 sqq*
714 1588 746 1614 K.
763 1588 842 1622 (sliu.
859 1589 895 1614 XI
911 1591 953 1621 37,
970 1591 1030 1623 176>

149 1689 164 1711 5
179 1686 369 1712 insensibilem
381 1689 402 1715 0,
416 1686 587 1712 inuisibilem
597 1689 615 1712 Z
629 1688 638 1719 Η
653 1689 668 1712 9
682 1686 850 1720 pei-uulgata
862 1687 884 1713 δ
897 1688 906 1720 ΙΙ
922 1690 954 1712 10
969 1695 985 1712 a
998 1688 1087 1713 Mae-r.

79 1721 106 1746 et
125 1722 177 1754 (est
198 1723 241 1754 11)
262 1730 278 1747 a
299 1732 319 1746 ω
333 1723 342 1755 ΙΙ
358 1724 389 1747 19
408 1722 516 1748 trachia
537 1733 557 1747 ω
572 1724 580 1754 ΙΙ
596 1725 629 1748 24
648 1722 794 1756 plopotum
810 1725 834 1748 X
852 1722 961 1756 plotum
980 1733 1000 1748 ω
1019 1732 1087 1750 corr.

79 1756 162 1782 0²11²
176 1758 184 1790 Η
199 1760 231 1782 26
252 1757 396 1783 dimanare
410 1759 519 1783 NOHZ
534 1759 542 1791 ΙΙ
558 1761 590 1783 27
610 1758 757 1792 primosior
771 1759 793 1784 δ
810 1760 812 1791 Ι
829 1758 894 1784 inde
915 1759 1007 1784 siueea
1023 1759 1046 1785 d

877 1803 928 1829 14*
