1291 1912
514 53 603 80 XVIII
622 57 652 86 4³
671 56 686 79 5
1043 52 1108 84 239

94 148 127 169 se
151 137 214 168 iam
238 137 332 178 plane
356 135 459 167 inludi
481 138 569 167 ratus
593 136 760 177 negotium
784 135 844 166 sibi
869 145 936 166 esse
960 136 1108 166 causatur

94 184 126 213 et
150 181 334 223 digreditur.

159 225 228 257 Nos
247 228 354 256 autem
374 227 486 266 postea
505 236 544 256 ex
558 224 778 266 Apollinari
798 223 966 255 didicimus
983 223 1105 254 ‘vanos'
1118 232 1151 255 10

93 270 221 312 proprie
245 270 316 309 dici,
340 280 405 300 non
428 271 465 300 ut
488 270 603 311 vulgus
625 269 752 308 diceret,
776 268 960 309 desipientis
979 270 1036 299 aut
1054 267 1106 299 he-

67 327 79 347 5
94 315 182 346 betes
206 316 261 346 aut
283 315 417 355 ineptos,
442 314 505 354 sed,
528 316 565 344 ut
583 316 726 345 veterum
746 313 922 344 doctissimi
942 313 1106 352 dixissent,

93 359 259 391 mendaces
284 361 315 390 et
339 359 454 389 infidos
479 361 510 389 et
532 359 615 389 levia
637 358 807 398 inaniaque
826 368 884 398 pro
905 357 1055 399 gravibus
1075 359 1107 388 et

93 404 175 435 veris
199 404 394 434 astutissime
419 405 660 443 componentes3
686 402 844 434 ‘stolidos’
868 405 975 433 autem
999 402 1106 433 vocari

93 459 159 479 non
181 450 246 479 tam
271 448 387 479 stultos
411 450 443 478 et
466 447 615 478 excordes
641 458 736 487 quam
760 449 880 478 taetros
903 448 934 478 et
952 447 1106 478 molestos

94 494 126 524 et
157 493 329 534 inlepidos,
363 502 443 532 quos
472 491 585 523 Graeci
617 493 809 532 μοχθηροὺς
841 490 894 522 καὶ
928 492 1108 532 φορτικοὺς

53 550 79 569 ιο
94 537 242 569 dicerent.
297 537 415 578 Etyma
448 547 575 577 quoque
608 536 721 567 harum
754 546 869 567 vocum
903 538 935 567 et
968 536 1106 577 origines
1119 544 1149 567 11

95 582 229 623 scriptas
248 592 316 613 esse
336 581 460 612 dicebat
479 582 513 612 in
531 581 644 612 libris
658 579 881 622 Nigidianis
897 581 950 620 (fr.
966 582 1007 611 45
1021 579 1106 621 Sua).

161 625 246 663 Quas
283 626 451 667 requisitas
489 636 548 667 ego
588 628 620 656 et
651 627 792 666 repertas
826 635 898 656 cum
931 625 1106 666 primarum

94 671 364 713 significationum
396 671 565 711 exempIiS‚
596 672 632 701 ut
661 670 946 701 commentariis
975 669 1107 700 harum

93 715 263 746 noctium
287 715 449 755 inferrem,
478 715 587 746 notavi
611 717 642 745 et
666 715 812 745 intulisse
836 715 899 745 iam
923 725 974 745 me
998 714 1106 754 aliquo

55 772 79 792 15
94 760 127 791 in
146 760 217 791 loco
237 759 626 791 commentationibus
645 759 732 790 istis
750 759 861 799 (VIII
872 760 927 799 14)
948 759 1105 790 existimo.

586 838 615 869 V

95 899 174 932 Quod
194 899 223 931 Q.
244 900 349 926 Ennius
374 900 402 926 in
427 901 546 934 septimo
571 899 667 926 annali
692 899 862 934 ‘quadrupes
883 900 978 932 eques'
1000 907 1031 925 ac
1051 907 1106 925 non

132 936 300 969 ‘quadrupes
320 936 427 969 equus',
447 938 479 962 ut
498 936 596 970 legmnt
613 935 710 967 multi,
730 935 865 969 scriptum
884 935 1006 968 reliquit.

162 998 241 1031 Cum
264 999 433 1030 Antonio
456 999 607 1031 Iuliano
631 999 772 1039 rhetore,
797 1000 866 1031 viro
890 999 996 1030 hercle
1021 999 1105 1030 bono
1136 1008 1149 1030 1

55 1057 81 1076 2⁰
96 1046 127 1076 et
141 1044 306 1076 facundiae
322 1044 473 1084 florentis,
493 1045 672 1085 complures
688 1045 918 1076 adulescentuli
932 1044 1105 1075 familiares

95 1089 161 1120 eius
184 1088 327 1120 Puteolis
355 1089 547 1120 aestivarum
576 1088 727 1120 feriarum
751 1089 863 1120 ludum
888 1091 919 1120 et
942 1089 1049 1119 iocum
1073 1089 1107 1119 in

93 1133 209 1164 litteris
237 1134 472 1165 amoenioribus
501 1136 533 1165 et
560 1134 593 1164 in
616 1133 838 1175 voluptatibus
862 1134 986 1174 pudicis
1009 1133 1106 1164 hone-

95 1178 214 1218 stisque
233 1178 442 1220 agitabamus.
483 1177 591 1219 Atque
610 1178 656 1209 ibi
675 1181 752 1210 tunc
770 1177 921 1209 Iuliano
941 1178 1107 1209 nuntiatur

96 1221 310 1262 ἀναγνώστην
338 1223 509 1263 quendam,
536 1233 602 1254 non
630 1223 794 1254 indoctum
823 1222 1001 1262 hominem,
1029 1232 1107 1253 voce

56 1279 80 1298 25
96 1266 266 1298 admodum
296 1267 375 1298 scita
404 1269 435 1298 et
464 1278 579 1298 canora
607 1267 723 1299 Ennii
750 1268 905 1298 annales
933 1268 1039 1309 legere
1067 1267 1107 1297 ad

96 1311 250 1352 populum
279 1311 313 1342 in
339 1312 472 1343 theatro.
522 1311 663 1343 ‘Eamus’
690 1312 795 1352 inquit
819 1312 975 1343 ‘auditum
999 1312 1106 1342 nescio
1136 1320 1150 1343 3

97 1366 191 1395 quem
223 1356 320 1386 istum
348 1356 596 1387 Ennianistam':
628 1356 690 1387 hoc
720 1357 804 1387 enim
835 1367 867 1387 se
895 1357 950 1387 ille
977 1356 1107 1387 nomine

96 1400 250 1440 appellari
274 1400 409 1431 volebat.

1136 1186 1150 1209 Νι·

168 1489 252 1520 3sqq.
276 1486 346 1512 Non.
366 1487 403 1512 IV
422 1497 448 1521 p.
468 1490 528 1519 416,
550 1491 581 1513 ’Ξῖ
605 1488 676 1513 Serv.
694 1487 751 1521 (pl.)
768 1487 825 1513 A.1
841 1490 890 1513 392
910 1487 936 1513 Π
950 1490 984 1513 80
1003 1487 1040 1513 XI
1057 1490 1106 1513 715

97 1521 163 1547 CGL
179 1522 203 1547 V
219 1525 277 1553 51‘2,
293 1525 326 1548 48
345 1523 395 1548 VII
411 1526 460 1549 393
558 1526 571 1548 τ
592 1523 674 1556 (Fest.
690 1532 716 1557 p.
734 1526 793 1555 317„
810 1526 842 1549 1⁶3
863 1522 929 1549 CGL
944 1523 994 1548 VII
1010 1525 1071 1557 297)

168 1605 182 1628 6
203 1604 230 1628 et
249 1602 279 1637 1,]
300 1603 383 1628 deuia
402 1605 422 1632 Q
440 1604 448 1637 Η
468 1606 483 1628 8
504 1604 608 1629 castros
628 1606 645 1628 Z
669 1605 790 1629 stautros
811 1606 831 1632 Q.
854 1605 979 1630 austeros
1000 1604 1084 1630 Hertz
1099 1604 1107 1637 „J

97 1640 112 1663 9
137 1638 195 1672 καὶ]
216 1638 262 1663 ΕΤ
282 1640 299 1663 Ζ
322 1640 330 1670 Η
355 1642 387 1664 10
407 1640 435 1664 et
453 1639 574 1673 origines
596 1642 625 1665 nt
642 1640 757 1673 qlossam
777 1640 826 1665 del.
847 1640 930 1666 Nem.
954 1640 962 1671 ΙΙ
988 1642 1019 1665 12
1037 1647 1106 1672 quos

96 1673 245 1707 requisitos
265 1682 317 1707 ego
337 1675 413 1708 (ergo
427 1677 450 1699 X
470 1682 521 1708 ego
541 1682 597 1707 req.
614 1675 659 1708 Π)
679 1676 707 1700 et
724 1676 849 1708 repertos
867 1685 886 1700 ω
907 1684 973 1702 corr.
991 1675 1106 1709 Rutqer-

96 1710 154 1736 sius
167 1710 176 1742 ΙΙ
192 1712 223 1734 14
243 1709 390 1736 insererem
409 1719 442 1736 ecc
460 1709 577 1736 inferem
593 1712 612 1738 Q,
627 1712 635 1743 ΙΙ
651 1713 682 1736 15
703 1718 799 1736 comm.
819 1711 882 1736 istis
900 1711 949 1737 del.
965 1711 1084 1745 Heiberq

97 1747 129 1770 21
150 1744 282 1771 feriarum
297 1753 346 1771 om⁴
362 1754 380 1779 γ
394 1747 402 1778 ΙΙ
418 1748 451 1771 24
470 1745 582 1771 doctum
598 1748 618 1774 Q.
632 1748 641 1779 Η
656 1749 687 1771 27
709 1746 878 1772 anianistam
893 1749 914 1775 Q
