1291 1912
422 23 485 49 xm
504 26 550 53 εις
571 26 603 48 22
623 24 680 55 (20;
702 24 744 53 ει)
1049 19 1090 51 33

146 106 229 137 Illud
270 117 344 137 vero
383 105 569 146 cumprimis
606 104 691 145 apud
728 103 930 134 Homerum
968 104 1089 133 veteres
1101 112 1134 135 25

81 151 278 191 grammatici
303 150 548 189 adnotaverunt,
577 148 674 189 quod,
699 159 770 180 cuni
795 147 928 178 dixisset
951 147 1088 187 quodam

81 197 113 227 in
141 196 211 227 loco
235 194 294 234 (Il.
317 194 406 225 XVI
422 195 498 234 583)
523 193 705 230 κολοιούς
734 204 770 223 τε
797 192 922 232 ψῆράς
945 203 996 231 τε,
1026 191 1088 222 alio

80 242 112 272 in
130 241 202 271 loco
219 239 277 279 (Il.
294 239 405 270 XVII
418 240 492 279 755)
512 249 577 269 non
597 243 711 278 ψηρῶν
730 249 774 276 τε,
794 239 842 268 set
862 242 977 276 ψαρῶν
996 236 1089 266 dixit:

54 316 64 335 5
123 308 197 334 τῶν
232 301 263 333 δ’
299 301 346 338 ὥς
380 312 416 332 τε
452 306 583 342 ψαρῶν
619 299 734 340 νέφος
767 301 919 340 ἔρχεται
956 298 993 338 ἠὲ
1027 310 1089 329 κο-

664 347 794 383 λοιῶν,

79 411 205 441 secutus
229 419 293 439 non
313 418 523 446 communem,
548 406 601 438 sed
621 407 783 448 propriam
803 406 836 436 in
856 416 983 446 quoque
1002 405 1089 436 vocis

80 454 143 485 situ
176 453 419 492 iucunditatem3
454 463 527 482 nam
561 452 587 482 si
620 452 755 482 alterum
790 451 822 481 in
854 450 984 481 alterius
1017 450 1088 480 loco

80 509 192 540 ponas,
216 500 386 538 utrumque
409 497 521 527 feceris
546 496 652 527 sonitu
676 496 816 526 insuave.

40 603 64 621 10
473 584 565 615 xxii
589 583 693 626 (XXI)

78 647 170 674 Verba
197 647 253 673 Titi
282 646 410 673 Castricii
437 645 556 672 rhetoris
586 645 620 671 ad
650 644 802 678 discipulos
832 644 1025 670 adulescentes
1054 643 1088 669 de

113 683 215 709 vestitu
234 684 318 716 atque
339 682 460 708 calciatu
480 690 534 707 non
555 682 661 707 decoro.

143 747 177 778 T.
202 746 426 786 Castricius,
458 745 634 776 rhetoricae
663 744 848 785 disciplinae
877 744 1001 783 doctor,
1032 743 1088 783 qui
1119 753 1130 776 ι

77 792 189 823 habuit
208 791 328 822 Romae
350 791 456 822 locum
476 790 651 830 principem
672 789 870 820 declamandi
889 799 924 819 ac
945 787 1088 828 docendi,

38 851 61 870 15
77 847 201 867 summa
224 836 272 867 vir
295 835 484 867 auctoritate
506 835 725 876 gravitateque
744 836 775 864 et
794 844 812 863 a
832 833 904 864 divo
924 832 1087 863 Hadriano

77 881 110 912 in
134 891 237 912 mores
260 883 356 920 atque
380 880 502 910 litteras
527 881 696 919 spectatus,
723 888 793 909 cum
819 889 869 908 me
893 877 976 908 forte
1000 888 1087 918 prae-

78 928 166 956 sente
195 944 234 946 —
264 935 339 955 usus
372 925 456 955 enim
490 935 558 954 sum
593 934 629 954 eo
660 923 814 964 magistro
843 940 886 943 —
914 922 1087 962 discipulos

77 969 231 1011 quosdam
260 979 333 1000 suos
362 971 522 1000 senatores
552 968 681 998 vidisset
705 967 754 998 die
777 967 890 997 feriato
915 966 1031 997 tunicis
1056 968 1088 997 et

76 1015 210 1046 lacernis
239 1014 367 1044 indutos
392 1016 423 1044 et
447 1013 570 1054 gallicis
595 1012 757 1043 calciatos:
788 1011 956 1052 ‘equidem’
982 1010 1088 1050 inquit

37 1073 63 1092 ‘20
78 1059 269 1090 ‘maluissem
295 1069 351 1089 vos
375 1060 503 1099 togatos
527 1067 607 1096 esse,
631 1057 699 1096 <si>
723 1056 860 1097 pigitum
885 1057 941 1095 est,
965 1056 1086 1086 cinctos

77 1104 188 1134 saltem
220 1114 287 1134 esse
315 1105 346 1133 et
374 1102 570 1143 paenulatos.
622 1100 683 1132 Sed
712 1101 738 1132 si
766 1101 818 1131 hic
846 1102 951 1131 vester
978 1099 1086 1130 huius-

77 1147 199 1179 cemodi
236 1147 369 1178 vestitus
403 1146 440 1177 de
474 1145 575 1177 multo
609 1146 671 1176 iam
705 1156 764 1176 usu
797 1145 996 1186 ignoscibilis
1030 1146 1086 1183 est,

77 1192 213 1223 soleatos
232 1194 337 1222 tamen
357 1202 422 1231 vos,
446 1191 558 1231 populi
578 1190 714 1220 Romani
734 1191 903 1229 senatores,
923 1200 979 1230 per
998 1188 1086 1219 urbis

77 1237 143 1267 vias
167 1236 289 1278 ingredi
312 1246 512 1276 nequaquam
538 1235 685 1265 decorum
706 1236 762 1274 est,
786 1244 850 1264 non
870 1233 975 1264 hercle
994 1233 1085 1264 vobis

38 1294 62 1313 25
77 1281 194 1320 minus,
223 1291 316 1321 quam
345 1281 393 1311 illi
421 1282 489 1310 tum
519 1279 592 1319 fuit,
621 1279 672 1310 cui
699 1278 761 1310 hoc
784 1278 825 1309 M.
850 1278 1000 1308 Tullius
1027 1287 1085 1318 pro

77 1325 163 1365 turpi
188 1325 317 1356 crimine
342 1325 533 1356 obiectavit?

144 1368 230 1400 Haec
264 1380 314 1400 me
346 1369 492 1400 audiente
526 1367 736 1399 Castricius
769 1370 801 1398 et
833 1367 987 1407 quaedam
1021 1367 1084 1397 alia
1113 1375 1127 1398 2

77 1413 117 1444 ad
155 1424 221 1444 eam
259 1424 324 1444 rem
362 1413 570 1444 conducentia
603 1412 746 1443 Romane
783 1413 815 1442 et
852 1422 957 1442 severe
995 1411 1083 1442 dixit.

77 1457 224 1498 Plerique
248 1460 351 1488 autem
378 1469 416 1489 ex
437 1457 497 1498 his,
521 1457 575 1498 qui
595 1457 768 1495 audierant,
791 1456 1004 1496 requirebant,
1029 1466 1084 1487 cur
1113 1464 1128 1487 3

37 1502 215 1535 sosoleatos
244 1502 387 1542 dixisset,
420 1503 475 1543 qui
503 1502 648 1543 gallicas,
680 1512 746 1532 non
774 1501 890 1541 soleas,
922 1500 1083 1531 haberent.

149 1610 161 1632 'a'
183 1615 347 1640 quocunque
366 1609 417 1632 Hx
435 1609 444 1640 Η
463 1610 478 1633 8
498 1607 526 1632 in
546 1606 633 1632 altero
651 1608 672 1635 0.
689 1608 698 1639 ΙΙ
718 1609 750 1631 16
770 1606 932 1639 expectatus
953 1606 975 1632 δ
991 1606 994 1639 1
1012 1605 1082 1630 forte

76 1651 126 1669 om.
143 1652 162 1676 γ
175 1644 184 1675 η
200 1646 231 1668 18
252 1644 401 1668 sectatores
420 1642 457 1668 Χ2
475 1644 483 1675 Η
504 1645 535 1668 19
556 1642 661 1668 callicis
680 1644 698 1666 Ζ
722 1641 820 1675 caligis
841 1643 931 1674 (21120
951 1641 1082 1666 maluisse

76 1679 213 1740 ιέἓεὲοὲίεὓί
223 1678 287 1739 grid.
299 1678 432 1705 Dziatzko
449 1680 452 1711 Ι
470 1679 582 1704 cunctos
594 1677 649 1706 ΘΕΖ
665 1677 753 1703 cultos
765 1680 785 1706 Q
799 1678 807 1710 ΙΙ
822 1680 853 1702 21
868 1676 1027 1702 huiusmodi
1038 1677 1060 1702 d·
1080 1683 1082 1692 ³

889 1758 922 1783 6⁸
