1291 1912
508 65 596 91 XVIII
618 68 649 91 ιο
1020 65 1084 95 249

566 173 595 204 Χ

76 235 172 261 Errare
192 235 268 267 istos,
288 235 336 269 qui
356 235 384 260 in
404 234 575 268 exploranda
594 234 665 260 febri
684 242 815 260 venarum
835 233 931 267 pulsus
946 235 1085 267 pertemp-

110 271 164 297 tari
184 272 298 304 putant,
318 279 372 296 uon
393 271 565 296 arteriarum.

141 334 179 365 In
207 334 370 365 Herodis
399 334 430 364 C.
455 333 492 364 V.
522 334 645 374 villam,
678 345 758 374 quae
787 336 835 364 est
863 333 896 364 in
924 344 1001 374 agro
1029 332 1109 363 At-1

51 379 140 412 stico
172 380 257 418 1000,
295 379 349 419 qui
382 379 562 419 appellatur
594 378 775 419 Cephisiae,
809 378 900 417 aquis
934 380 964 408 et
996 378 1085 415 lucis,

76 423 259 454 nemoribus
282 424 495 463 frequentem,
519 425 608 454 aestu
632 423 706 453 anni
732 422 835 453 medio
860 432 1084 453 concesseram.

75 467 125 499 Ibi
144 468 216 499 alvo
236 468 314 498 mihi
334 468 396 498 cita
416 470 447 498 et
462 467 629 498 accedente
644 467 725 498 febri
741 467 851 507 rapida
866 467 1084 497 decubueram.
1096 474 1111 496 2

76 512 124 543 Eo
158 512 350 543 Calvisius
383 512 527 542 Taurus
561 511 772 552 philosophus
806 514 836 542 et
869 512 923 542 alii
956 511 1110 551 quidam3

76 559 247 588 sectatores
275 557 342 588 eius
370 567 441 588 cum
466 556 602 587 Athenis
626 556 748 587 visendi
772 556 834 586 mei
858 556 961 597 gratia
984 556 1085 586 venis-

37 614 61 633 10
76 604 155 641 sent,
178 601 327 641 medicus,
351 601 406 641 qui
429 603 498 632 tum
523 601 555 631 in
579 601 628 632 his
652 601 731 631 locis
756 602 898 641 repertus
921 600 1085 631 adsidebat

75 645 163 686 mihi,
186 657 313 677 narrare
332 645 453 676 Tauro
474 648 629 686 coeperat,
651 645 727 685 quid
746 644 941 676 incommodi
961 646 1086 685 paterer

75 692 106 721 et
126 690 241 730 quibus
260 690 397 721 modulis
418 690 598 730 quibusque
618 690 793 721 intervallis
811 689 973 720 accederet
987 689 1085 720 febris

75 734 309 775 decederetque.
356 734 438 765 Tum
463 735 496 765 in
520 745 556 765 eo
582 745 739 773 sermone,
766 744 836 764 cum
862 734 924 764 iam
950 745 999 764 me
1024 734 1111 764 sin-4

74 779 193 810 ceriore
212 779 401 820 corpusculo
421 779 542 810 factum
560 779 689 810 diceret:
711 779 825 819 ‘potes'
842 779 947 818 inquit
962 778 1084 808 Tauro

35 836 60 856 15
76 823 122 854 ‘tu
151 834 277 864 quoque
307 823 338 854 id
366 824 471 864 ipsum
499 823 780 864 comprehendere,
809 822 866 854 ἐὰν
890 823 957 864 ἅψῃ
982 823 1084 853 αὐτοῦ

74 872 131 908 τῆς
160 868 303 908 φλεβός’,
332 868 417 908 quod
445 868 562 899 nostris
591 867 695 899 verbis
720 868 863 908 profecto
888 867 932 898 ita
957 867 1084 898 dicitur:

75 912 113 943 ‘si
138 913 281 954 attigeris
305 923 417 943 venam
443 913 550 943 illius'.

142 956 233 988 Hanc
255 957 407 997 loquendi
428 957 631 997 imperitiam,
655 957 740 997 quod
760 967 872 987 venam
893 966 950 997 pro
970 956 1111 987 arteria5

74 1000 219 1041 dixisset,
248 1012 319 1032 cum
348 1002 382 1032 in
410 1012 446 1032 eo
477 1002 562 1033 docti
589 1001 749 1041 homines,
778 1001 832 1041 qui
861 1011 933 1032 cum
962 1000 1084 1031 Tauro

35 1048 178 1086 merant,
210 1048 373 1086 tamquam
406 1046 439 1076 in
468 1046 598 1076 minime
627 1046 699 1076 utili
728 1045 850 1076 medico
880 1045 1085 1076 offendissent

74 1092 169 1131 atque
211 1090 242 1121 id
282 1101 443 1122 murmure
480 1093 512 1122 et
548 1091 640 1121 vultu
678 1090 893 1130 ostenderent,
934 1092 1003 1120 tum
1041 1089 1085 1120 ibi

74 1134 232 1175 Taurus,
256 1137 292 1165 ut
316 1146 384 1166 mos
409 1136 475 1166 eius
499 1135 574 1175 fuit,
598 1135 674 1166 satis
698 1135 824 1166 leniter:
854 1134 955 1166 ‘certi'
980 1134 1086 1174 inquit

75 1178 209 1219 ‘sumus,
235 1180 283 1210 vir
306 1179 402 1219 bone,
425 1190 490 1210 non
514 1180 661 1221 ignorare
685 1181 726 1219 te,
750 1179 827 1219 quid
851 1179 952 1209 ‘vena’
979 1179 1085 1219 appel-

74 1224 158 1254 letur
185 1226 216 1254 et
245 1224 321 1264 quid
350 1224 498 1264 ‘arteria’‚
526 1224 611 1264 quod
640 1235 737 1254 venae
766 1224 893 1264 quidem
919 1225 1030 1263 suapte
1054 1223 1085 1253 vi

36 1279 60 1300 εδ
75 1268 242 1299 inmobiles
271 1268 335 1299 sint
363 1270 395 1299 et
423 1269 587 1309 sanguinis
615 1271 740 1299 tantum
770 1268 957 1299 demittendi
983 1268 1085 1309 gratia

75 1313 293 1353 explorentur,
331 1313 463 1344 arteriae
501 1315 607 1344 autem
646 1315 735 1344 motu
770 1315 866 1353 atque
899 1313 994 1352 pulsu
1027 1322 1084 1342 suo

75 1357 218 1388 habitum
239 1360 270 1388 et
290 1357 419 1388 modum
438 1357 576 1388 febrium
597 1357 827 1397 demonstrent3
847 1357 910 1397 sed,
929 1358 965 1387 ut
984 1356 1111 1396 video‚6

75 1402 261 1443 pervulgate
289 1402 390 1443 magis
420 1412 515 1442 quam
544 1402 655 1433 inscite
683 1402 810 1432 locutus
839 1412 883 1432 es:
912 1411 977 1431 non
1001 1401 1085 1431 enim

74 1447 107 1476 te
133 1446 250 1485 solum,
280 1446 333 1476 sed
357 1446 437 1477 alios
462 1457 589 1486 quoque
613 1445 723 1476 itidem
748 1446 881 1476 errantis
905 1445 1012 1475 audivi
1035 1456 1085 1475 ve-

37 1501 62 1522 80
76 1500 149 1520 nam
182 1501 239 1531 pro
273 1491 388 1521 arteria
421 1491 531 1521 dicere.
582 1490 645 1521 Fac
678 1490 789 1531 igitur,
822 1492 857 1520 ut
886 1489 1111 1530 experiamur?

77 1534 302 1576 elegantiorem
328 1546 395 1566 esse
418 1537 450 1566 te
474 1535 507 1565 in
531 1534 685 1565 medendo
710 1545 805 1575 quam
829 1535 862 1565 in
886 1533 1028 1574 dicendo,
1054 1536 1086 1564 et

146 1651 160 1673 5
176 1648 272 1674 educis
283 1650 303 1676 Q
318 1650 346 1674 et
360 1648 376 1673 l.
394 1648 464 1683 (et)
476 1657 491 1674 σ
505 1647 575 1674 lucis
586 1648 635 1674 del.
647 1649 747 1680 Hermu
761 1658 797 1674 an
813 1647 895 1674 laetis
906 1648 952 1674 n.?
966 1651 975 1681 ῃ
990 1651 1004 1673 7
1021 1648 1084 1674 albo

75 1683 186 1709 ‹5on
203 1684 206 1717 Ι
224 1683 392 1709 accendente
413 1686 430 1709 0
455 1685 463 1716 Η
488 1686 519 1709 12
544 1683 684 1716 febrisque
704 1684 851 1710 decederet
871 1686 891 1712 Q,
913 1685 922 1717 Η
946 1687 979 1709 20
1002 1692 1085 1710 uene-

75 1720 138 1744 rant
154 1720 186 1745 11
199 1721 207 1752 ΙΙ
223 1722 255 1745 ‘24
275 1719 301 1744 vi
317 1727 332 1744 σ
350 1720 381 1744 ut
397 1729 416 1744 ω
431 1721 439 1751 ΙΙ
455 1722 487 1745 -25
506 1719 673 1745 admittendi
689 1720 740 1745 dx
759 1719 984 1751 adfavemittendi
999 1721 1088 1745 NOH

75 1762 142 1780 corr.
159 1763 173 1780 σ
188 1756 196 1787 Η
212 1758 244 1780 29
264 1754 321 1780 sole
337 1755 359 1781 d
376 1755 379 1789 Ι
396 1755 444 1780 sed
460 1763 509 1781 om⁴
526 1757 546 1783 Q
560 1756 568 1787 11
584 1757 616 1780 30
637 1754 760 1781 dicentes
778 1756 810 1780 Π
