1291 1912
33 559 58 578 10

33 781 57 800 15

34 1058 58 1077 20

34 1295 58 1315 25

481 65 556 91 XVII
578 69 622 97 11;
644 68 674 91 12
1018 66 1082 97 213

76 145 136 178 Sed
153 146 381 177 Plutarchus
402 147 434 178 in
454 147 554 178 libro
575 147 898 188 symposiacorum
914 147 1110 188 (VHJ‚3)‹;

74 193 235 222 auctorem
275 190 448 222 Platonis
491 193 665 223 sententiae
702 191 965 232 Hippocraten
1007 192 1084 223 dicit

73 236 171 267 fuisse
197 236 343 276 idemque
368 247 435 267 esse
460 237 606 276 opinatos
631 238 662 267 et
685 235 922 267 Philistiona
946 236 1082 268 Locrum

73 281 127 319 (fr.
150 283 169 311 7
187 280 397 320 p.11;.)ll='e.)
432 284 463 312 et
491 280 724 321 Dioxippum
753 280 1084 322 Hippocraticum,

74 327 194 356 veteres
219 324 358 356 medicos
383 327 414 356 et
437 325 574 365 nobiles,
602 328 697 366 atque
721 326 823 365 illam,
848 326 885 356 de
909 337 972 366 qua
995 325 1083 357 Era-

73 369 254 400 sistratus
279 370 410 409 dixerat,
434 369 648 410 ἐπιγλωττίδα
672 381 737 401 non
760 370 878 401 idcirco
903 381 939 401 eo
960 371 993 401 in
1012 370 1083 402 loco

73 414 290 453 constitutam,
314 425 353 444 ne
377 414 453 454 quid
477 425 515 445 ex
541 417 618 455 potu
640 414 785 445 influeret
804 415 837 445 in
861 415 1019 455 arteriam,
1041 433 1084 437 —-

72 469 145 489 nam
170 458 313 499 pulmoni
340 469 467 499 quoque
490 458 628 489 fovendo
648 459 845 500 rigandoque
864 460 958 490 utiles
978 470 1084 491 neces-

73 503 235 543 sariosque
255 503 403 534 humores
424 503 523 534 videri
544 522 583 525 —-
605 506 651 534 set
670 503 848 544 adpositam
869 504 958 544 quasi
979 504 1084 535 mode-

72 547 220 578 ratricem
241 547 398 588 quandam
419 550 450 578 et
469 548 620 578 arbitram
641 548 830 588 prohibendi
848 549 1084 589 admittendive,

73 591 158 632 quod
188 603 226 622 ex
255 592 366 623 salutis
394 603 454 622 usu
482 592 579 631 foret,
612 593 657 623 uti
687 593 791 623 edulia
820 593 947 632 quidem
978 594 1084 624 omnia

73 636 254 667 defenderet
296 636 335 667 ab
378 637 493 667 arteria
532 637 766 677 depelleretque
803 637 836 668 in
874 638 1084 678 stomachum,

71 683 185 722 potum
208 683 313 712 autem
335 681 507 722 partiretur
526 682 608 712 inter
627 681 827 713 stomachum
848 684 878 712 et
898 682 1083 722 pulmonem

73 726 104 756 et
131 725 216 765 quod
241 736 278 755 ex
303 736 339 756 eo
364 726 490 756 admitti
514 726 547 757 in
571 727 756 767 pulmonem
780 737 837 767 per
860 727 1008 757 arteriam
1033 726 1083 757 de-

73 769 174 809 beret,
202 780 267 800 non
290 770 436 810 rapidum
462 771 493 801 id
517 781 620 811 neque
643 771 839 810 universum,
869 771 923 801 sed
947 771 1083 811 quadam

73 815 162 854 quasi
196 814 285 845 obice
317 817 529 846 sustentatum
559 826 594 845 ac
622 826 800 856 repressum
831 816 947 846 sensim
976 816 1083 856 paula-

71 859 193 899 timque
226 859 418 890 tramitteret
451 862 545 899 atque
579 870 672 890 omne
702 860 860 900 reliquum
890 861 923 890 in
951 860 1083 891 alteram

72 902 229 934 stomachi
252 904 393 934 fistulam
419 904 582 935 derivaret.

72 1051 111 1077 De
130 1053 255 1078 materiis
275 1052 436 1085 infamibus,
457 1062 526 1086 quas
543 1053 640 1079 Graeci
659 1053 778 1085 ἀδόξους
793 1054 947 1087 appellant,
967 1062 983 1079 a
998 1054 1083 1079 Favo—

106 1088 167 1113 rino
188 1088 333 1114 exercendi
354 1089 446 1121 gratia
467 1089 626 1123 disputatis.

137 1150 276 1183 Infames
300 1153 458 1193 materias,
482 1154 547 1183 sive
572 1153 642 1193 quis
667 1153 789 1183 mavult
814 1153 916 1184 dicere
940 1153 1108 1194 inopina-1

71 1195 164 1236 biles,
202 1207 279 1237 quas
314 1195 425 1228 Graeci
458 1196 598 1234 ἀδόξους
630 1197 806 1234 ὑποθέσεις
838 1197 1015 1238 appellant,
1052 1199 1084 1228 et

72 1242 191 1272 veteres
225 1241 327 1272 adorti
362 1244 435 1272 sunt
463 1252 527 1272 non
557 1242 719 1282 sophistae
747 1242 866 1281 solum,
899 1242 952 1272 sed
981 1242 1083 1282 philo>

72 1285 165 1325 sophi
194 1296 335 1326 quoque,
363 1289 394 1317 et
417 1289 526 1317 noster
550 1285 761 1317 Favorinus
785 1288 838 1328 (fr.
860 1288 898 1317 65
919 1286 1004 1322 Ma.)
1029 1297 1083 1327 op-

73 1329 147 1369 pido
176 1340 270 1370 quam
299 1331 402 1362 libens
431 1331 464 1361 in
493 1342 544 1361 eas
574 1331 721 1361 materia-s
749 1332 825 1371 <se>
853 1331 1009 1361 deiciebat
1033 1331 1084 1362 vel

71 1373 198 1415 ingenio
237 1376 493 1417 expergificando
531 1378 618 1406 ratus
656 1375 784 1406 idoneas
818 1376 867 1406 vel
901 1375 1083 1406 exercendis

73 1516 102 1539 01
143 1482 226 1540 llsqxgl.
246 1479 318 1506 Plut.
336 1480 413 1506 stoic.
428 1489 544 1514 repugn.
561 1483 592 1505 ‘29
609 1489 634 1514 p.
654 1482 719 1505 1047
732 1479 750 1505 C
885 1483 917 1506 ‘25
938 1480 1040 1505 Fronto
1055 1489 1081 1514 p.

74 1532 86 1539 -
107 1518 131 1545 5,
165 1520 202 1540 si
219 1536 224 1540 .

143 1616 155 1638 1
167 1613 250 1647 libro]
261 1613 378 1646 septimo
392 1614 540 1640 Volkmann
551 1622 637 1646 symp.
649 1613 741 1647 (VH)
750 1614 793 1639 Sl:
809 1615 817 1646 [Ι
833 1612 999 1644 4Δέξιππον
1008 1614 1084 1646 apud

72 1648 144 1674 Plut.
161 1649 312 1675 Wellmann
326 1650 359 1675 nl.
376 1651 384 1682 ss
399 1652 413 1674 6
430 1649 532 1675 dixerit
547 1658 565 1682 γ
582 1651 584 1681 Ι
602 1649 630 1674 in
647 1657 678 1674 eo
694 1649 764 1674 libro
778 1658 796 1682 γ
810 1650 818 1682 ΙΙ
834 1652 847 1674 7
865 1649 920 1674 infl.
936 1650 1082 1675 materiam

72 1683 127 1709 iam
142 1685 163 1709 d
177 1686 186 1717 ΙΙ
201 1687 216 1709 8
235 1684 305 1710 utile
320 1687 337 1709 Z
357 1694 406 1710 om.
423 1694 441 1718 γ
455 1686 463 1718 ss
479 1688 510 1710 10
532 1687 558 1710 et
576 1694 625 1710 om.
641 1693 659 1718 γ
677 1685 680 1719 Ι
698 1685 906 1710 admisceudiue
922 1695 942 1710 ω
962 1694 1029 1711 corr.
1046 1693 1061 1710 6
1075 1702 1082 1719 ¹

73 1721 104 1744 1⁸1*
124 1727 233 1745 omnem
253 1721 307 1749 (om
327 1720 355 1746 in
371 1722 397 1753 Ζ)
414 1731 433 1746 ω
453 1729 521 1746 corr.
539 1721 616 1754 JIdy.
631 1721 639 1753 11
655 1723 685 1745 21
708 1721 735 1745 et
751 1720 896 1746 exercendi
912 1721 934 1746 d*
948 1722 956 1753 J!
972 1723 1004 1745 26
1025 1720 1083 1745 ‹lei-

73 1754 163 1780 ciebat
183 1758 201 1780 T
222 1755 332 1781 dicebat
352 1758 376 1780 X
396 1756 524 1782 deicebat
545 1767 565 1781 ω
586 1764 614 1782 se
632 1756 695 1781 add.
714 1756 791 1790 Mdy.
812 1756 999 1782 descendebat
1016 1756 1082 1782 otho
