1266 1902
189 80 251 111 180
631 79 693 105 XVI
713 83 744 105 13

651 160 728 191 XIII

187 212 258 244 Quid
278 213 314 237 sit
335 212 538 245 'municipium’
560 212 588 237 et
603 212 671 244 quid
686 220 702 237 a
718 212 849 237 ‘colonia’
867 211 990 244 differam
1011 214 1038 238 et
1053 212 1120 246 quid
1136 212 1191 237 sint

223 248 399 280 ‘municipes'
427 255 553 280 quaeque
577 247 614 273 sit
637 248 695 273 eius
720 247 847 273 vocabuli
871 248 941 273 ratio
966 256 998 273 ac
1021 248 1190 281 proprietas;

222 284 305 316 atque
330 282 413 314 inibi,
438 282 512 316 quod
533 282 611 308 divus
632 282 790 308 Hadrianus
810 283 838 308 in
858 284 956 308 senatu
975 283 1009 309 de
1029 283 1087 309 iure
1108 284 1191 316 atque

222 318 355 343 vocabulo
376 318 546 351 municipum
566 317 650 343 verba
670 318 743 344 fecit.
1219 325 1231 345 5

162 383 174 405 1
255 372 455 413 ‘Municipes'
484 374 515 403 et
540 372 735 413 ‘municipia'
760 373 855 403 verba
880 375 953 403 sunt
977 373 1062 404 dictu
1086 373 1192 403 facilia

188 420 218 448 et
246 428 305 448 usu
335 417 442 456 obvia,
470 419 501 447 et
529 416 714 456 neutiquam
742 417 892 457 reperias,
922 417 976 457 qui
1004 417 1081 448 haec
1108 417 1193 456 dicit,

188 462 265 501 quin
293 461 372 492 scire
401 472 432 492 se
461 462 554 502 plane
582 463 686 501 putet,
714 461 791 501 quid
818 461 909 492 dicat.
960 460 1021 491 Sed
1049 462 1192 501 profecto

162 506 273 537 ealiud
304 507 364 544 est,
392 507 487 545 atque
511 506 603 536 aliter
627 505 749 536 dicitnr.
796 505 919 542 Quotus
943 505 1027 536 enim
1051 505 1115 536 fere
1138 515 1193 536 no-

188 552 288 581 strum
309 551 365 589 est,
389 550 452 590 qui,
477 559 548 580 cum
568 560 606 580 ex
626 549 749 580 colonia
769 550 879 590 populi
899 549 1036 580 Romani
1056 549 1105 589 sit,
1129 560 1194 580 non
1209 562 1233 581 ιο

187 605 219 625 se
248 594 441 634 municipem
470 604 537 624 esse
566 596 597 624 et
625 594 792 634 populares
822 604 895 624 suos
924 594 1100 634 municipes
1126 604 1193 624 esse

187 639 280 678 dieat,
304 638 389 678 quod
413 639 460 668 est
484 649 502 668 a
526 638 647 668 ratione
672 640 703 668 et
725 649 743 668 a
762 638 894 668 veritate
912 638 1008 679 longe
1027 638 1193 668 aversum?

162 682 241 715 3Sic
265 682 342 713 adeo
367 684 398 712 et
421 682 594 722 municipia
619 682 694 722 quid
718 684 749 713 et
772 692 834 722 quo
857 682 923 712 iure
943 682 1007 712 sint
1027 684 1193 722 quantum-

189 738 249 767 que
287 738 304 757 a
342 727 466 757 colonia
502 726 660 765 differant,
697 726 880 767 ignoramus
913 726 1194 766 existimamusque

189 771 318 802 meliore
343 771 527 801 condicione
552 781 618 801 esse
643 770 782 801 colonias
807 781 902 810 quam
926 770 1106 810 municipia.
1210 783 1233 802 15
1257 787 1263 804 z

162 825 177 847 4
255 815 302 845 De
323 815 411 845 ouius
432 814 625 855 opinationis
645 816 710 845 tam
729 815 904 855 promiscae
925 814 1083 845 erroribus
1103 814 1193 845 divus

189 859 404 890 Hadrianus
436 859 468 889 in
497 859 683 898 oratione,
716 870 809 899 quam
839 859 880 889 de
908 857 1195 898 Italicensibus,

189 904 272 934 unde
296 904 364 943 ipse
389 905 476 934 ortus
500 903 570 942 fuit,
594 903 627 933 in
651 905 760 933 senatu
784 902 905 942 habuit,
927 902 1051 942 (ORF2
1067 914 1097 942 p.
1118 903 1194 942 608)

189 948 379 988 peritissime
398 947 546 978 disseruit
565 947 736 987 mirarique
756 958 788 978 se
808 947 955 985 ostendit,
980 947 1065 987 quod
1084 949 1115 977 et
1133 947 1195 987 ipsi

189 991 371 1022 Italicenses
405 994 436 1022 et
469 991 623 1031 quaedam
656 991 731 1022 item
764 991 826 1022 alia
855 991 1027 1031 municipia
1055 991 1195 1031 antiqua,
1210 1004 1232 1023 20
1260 1008 1266 1025 ,1

189 1036 222 1066 in
251 1036 366 1076 quibus
390 1035 556 1066 Vticenses
585 1036 740 1075 nominat,
768 1046 839 1066 cum
864 1036 929 1066 suis
954 1035 1095 1066 moribus
1118 1035 1195 1076 legi*

191 1080 311 1120 busque
344 1081 391 1110 uti
420 1082 562 1120 possent,
596 1080 628 1110 in
656 1080 704 1110 ius
733 1079 929 1110 coloniarum
958 1079 1073 1110 mutari
1101 1079 1194 1120 gesti-

165 1125 301 1155 5verint.
356 1124 577 1155 Praenestinos
615 1126 719 1154 autem
752 1124 847 1154 refert
879 1124 1017 1154 maximo
1051 1134 1145 1164 opere
1177 1134 1195 1154 a

190 1168 317 1199 Tiberio
342 1169 531 1208 imperatore
556 1169 672 1208 petisse
696 1178 872 1207 orasseque,
896 1170 931 1198 ut
954 1179 992 1198 ex
1017 1167 1141 1198 colonia
1162 1168 1195 1198 in

191 1213 355 1252 municipii
376 1215 493 1243 statum
512 1213 737 1253 redigerentur,
760 1212 854 1252 idque
873 1212 935 1242 iilis
955 1211 1117 1242 Tiberium
1138 1222 1194 1252 pro
1210 1225 1229 1244 se

191 1257 319 1288 ferenda
352 1257 454 1297 gratia
486 1257 647 1296 tribuisse,
681 1257 764 1297 quod
793 1256 824 1286 in
853 1266 961 1286 eorum
990 1256 1107 1287 finibus
1136 1256 1194 1286 sub

191 1302 261 1341 ipso
287 1301 404 1341 oppido
429 1312 466 1332 ex
492 1301 619 1341 capitali
643 1301 753 1331 morbo
778 1300 971 1331 revaluisset.

166 1355 180 1377 6
258 1344 435 1385 Municipes
466 1356 541 1386 ergo
571 1347 644 1375 sunt
672 1345 755 1375 cives
784 1344 920 1375 Romani
949 1356 986 1374 ex
1014 1344 1195 1384 municipiis

191 1389 315 1430 legibus
340 1390 404 1419 suis
429 1392 460 1420 et
483 1400 540 1420 suo
565 1390 631 1420 iure
655 1390 788 1428 utentes,
812 1388 951 1419 muneris
974 1390 1099 1419 tantum
1124 1398 1195 1418 culn

192 1434 311 1474 populo
344 1433 489 1464 Romano
523 1433 672 1464 honorari
705 1433 887 1473 participes,
919 1444 937 1463 a
971 1443 1033 1472 quo
1067 1443 1195 1463 munere
1210 1445 1233 1464 a

263 1515 296 1537 28
307 1520 365 1544 sqq.
386 1511 457 1537 Fest.
476 1520 501 1544 p.
520 1514 577 1544 142,
594 1514 608 1536 6
625 1524 656 1532 =
672 1510 748 1536 Paul.
764 1520 789 1543 p.
808 1513 865 1542 131Ἴ
881 1513 909 1542 33
932 1513 989 1542 127,
1007 1514 1019 1535 1
1040 1510 1103 1536 Isid.
1119 1509 1156 1535 IX
1172 1513 1195 1541 3
1227 1458 1230 1554 ἓ

193 1546 404 1631 Ξὲᾙ4ἢξ1711ἓν
416 1550 440 1578 2,
457 1549 488 1572 10
507 1546 563 1572 diff.
580 1549 629 1572 371
648 1546 749 1572 Aneed.
762 1546 793 1571 Η.
806 1549 865 1578 242,
877 1548 909 1571 25
925 1545 987 1579 Dig.
1000 1546 1019 1570 L
1033 1549 1054 1577 1,
1068 1548 1094 1577 1;
1111 1548 1152 1577 16,
1164 1548 1195 1570 18
1226 1558 1231 1590 s

264 1656 278 1678 5
299 1661 348 1686 cep
351 1653 373 1678 it
393 1655 413 1681 Q,
427 1654 435 1685 ΙΙ
451 1655 464 1678 7
485 1653 611 1678 inuenias
632 1653 682 1686 113
700 1652 775 1677 dicat
793 1654 817 1676 X
831 1653 839 1684 ΙΙ
854 1656 868 1677 ¹.)
889 1653 973 1685 atque
993 1651 1040 1685 al]
1060 1651 1137 1677 aliud
1156 1660 1175 1685 γ
1188 1651 1227 1690 {lg

196 1691 226 1713 12
247 1688 316 1713 dicit
330 1688 366 1713 Ν1
385 1688 474 1713 dicit.
491 1687 544 1713 sibi
559 1690 576 1712 Z
591 1689 599 1721 ΙΙ
616 1690 646 1713 16
667 1687 804 1720 opinionis
822 1697 842 1712 ω
858 1690 967 1720 μ’·αεΐρ)
982 1686 1196 1720 Q1122potuis-
1224 1694 1226 1714 3
1245 1688 1247 1710 ⁴}

194 1724 256 1748 sent
271 1724 303 1748 11
318 1725 320 1756 Ι
338 1725 445 1749 mutare
461 1723 492 1748 Ο1
509 1723 512 1757 Ι
528 1723 702 1756 gestauerint
716 1723 776 1749 <50¹
790 1723 798 1755 Η
814 1725 846 1747 25
866 1730 914 1755 pro
930 1722 1075 1748 referenda
1089 1721 1226 1756 NOHH'
1241 1725 1246 1745 l

194 1761 227 1784 30
247 1758 374 1784 honerati
390 1758 476 1787 Qno¹
1223 1742 1226 1798 1
