1266 1902
539 435 579 471 A.
609 435 765 469 GELLH

152 518 380 559 NOCTIVM
411 517 707 558 ATTIOARVM
735 517 895 557 LIBER
923 515 1151 566 QVARTVS

543 604 766 646 DECIMVS

647 759 661 790 Ι

153 821 316 847 Dissertatio
336 821 463 847 Favorini
483 821 641 854 philosophi
662 820 790 846 adversus
811 829 864 851 eos,
885 821 932 853 qui
952 819 1085 845 Chaldaei
1105 828 1153 853 ap-

188 857 327 890 pellantur
351 858 379 882 et
400 865 432 882 ex
453 858 531 882 coetu
552 856 726 888 motibusque
746 856 865 881 siderum
885 857 912 881 et
932 855 1075 881 stellarum
1095 855 1153 881 fata

188 892 329 918 hominum
349 892 470 917 dicturos
490 891 663 925 pollicentur.

129 964 140 985 1
220 955 395 986 Adversum
420 955 511 994 istos,
537 955 591 995 qui
616 965 681 985 sese
707 953 879 985 Chaldaeos
904 965 957 985 seu
982 954 1154 995 genethlia-
1182 967 1194 985 5

154 1010 206 1030 cos
226 1000 387 1040 appellant
407 1010 442 1030 ac
462 999 499 1029 de
519 1001 607 1030 motu
627 999 726 1038 deque
746 999 851 1039 positu
872 999 1033 1029 stellarum
1053 998 1155 1029 dicere

155 1054 259 1083 posse,
288 1055 367 1083 quae
391 1044 497 1074 futura
521 1045 607 1082 sunt,
631 1042 831 1083 profitentur,
855 1043 1032 1073 audivimus
1056 1053 1154 1082 quon-

154 1088 226 1118 dam
254 1087 481 1118 Favorinum
512 1087 737 1127 philosophum
766 1086 886 1117 Romae
915 1086 1031 1117 Graece
1060 1086 1154 1116 disse-

127 1134 274 1162 ‘31-entem
319 1132 445 1173 egregia
487 1135 581 1171 atque
622 1131 746 1162 inlustri
789 1131 943 1170 oratione3
990 1130 1154 1161 exercendi

153 1179 273 1215 autem,
310 1187 374 1206 non
409 1176 586 1206 ostentandi
619 1175 720 1216 gratia
752 1175 884 1216 ingenii,
921 1186 960 1205 an
994 1175 1078 1214 quod
1111 1175 1155 1204 ita
1170 1186 1195 1205 10

154 1221 234 1250 serio
264 1220 465 1260 iudicatoque
493 1220 699 1258 existimaret,
727 1230 791 1249 non
818 1219 917 1249 habeo
943 1219 1052 1249 dicere.
1100 1218 1155 1248 Ca-

154 1265 220 1304 pita
253 1266 358 1294 autem
390 1265 532 1294 locorum
566 1265 900 1305 argumentorumque,
934 1263 1048 1302 quibus
1082 1273 1155 1293 usus

155 1311 215 1347 est,
243 1308 328 1348 quod
353 1308 418 1338 eius
443 1308 622 1338 meminisse
647 1308 749 1347 potui,
774 1318 915 1348 egressus
940 1307 983 1337 ibi
1009 1318 1046 1337 ex
1070 1306 1155 1337 audi-

154 1353 240 1383 tione
270 1363 402 1392 propere
430 1352 591 1391 adnotavi,
620 1362 717 1391 eaque
741 1351 868 1381 fuerunt
892 1351 930 1381 ad
954 1350 1035 1381 hanc
1058 1351 1155 1381 ferme

155 1397 342 1427 sententiam
364 1396 405 1435 (p.
422 1398 463 1426 44
477 1396 574 1430 Ma.):
594 1396 792 1436 disciplinam
813 1396 904 1425 istam
926 1395 1154 1425 Chaldaeorum
1171 1407 1195 1425 15

154 1443 260 1471 tantae
280 1441 445 1471 vetustatis
465 1451 529 1471 non
548 1451 624 1479 esse,
643 1442 777 1479 quantae
799 1439 893 1469 videri
914 1438 1034 1477 volunt,
1054 1449 1155 1478 neque

155 1495 207 1515 eos
236 1485 393 1524 principes
423 1485 489 1515 eius
517 1487 722 1523 auctoresque
749 1494 828 1522 esse,
857 1494 936 1523 quos
961 1483 1021 1523 ipsi
1045 1483 1156 1521 ferant,

155 1528 209 1558 sed
232 1528 264 1559 id
289 1529 529 1569 praestigiarum
553 1530 647 1568 atque
672 1528 856 1558 offuciarum
881 1538 979 1568 genus
999 1537 1155 1557 commen-

154 1574 204 1603 tos
233 1583 299 1603 esse
328 1572 471 1603 homines
500 1574 711 1603 aeruscatores
741 1574 771 1602 et
797 1571 902 1602 cibum
928 1573 1155 1611 quaestumque

226 1671 240 1693 3
261 1669 323 1694 eotu
340 1670 359 1696 Q
378 1668 452 1694 coitu
472 1668 599 1700 (saepius)
616 1666 649 1695 α’
665 1668 667 1699 Ι
685 1666 759 1692 facta
774 1676 792 1700 γ
806 1667 813 1699 ΙΙ
831 1669 861 1691 10
880 1667 971 1691 autem
987 1666 1051 1700 non]
1068 1668 1088 1694 Q
1108 1666 1157 1691 aut

155 1712 189 1729 ne
210 1705 252 1734 (ue
271 1706 298 1736 Z)
320 1704 398 1728 0112
423 1711 456 1728 ue
481 1704 529 1728 aut
547 1705 570 1727 N
594 1704 714 1727 autanne
733 1705 756 1726 X
781 1710 815 1727 an
839 1710 872 1727 ne
893 1701 924 1726 0²
942 1702 950 1734 ΙΙ
971 1704 999 1726 11
1026 1702 1099 1726 secto
1124 1709 1157 1727 ea·

155 1740 227 1765 serto
243 1741 263 1767 Q
277 1740 285 1771 ΙΙ
302 1741 332 1764 13
353 1739 419 1771 quot
439 1741 462 1764 et
481 1737 572 1771 quoad
588 1746 603 1765 ς
621 1740 622 1769 l
641 1737 694 1762 sibi
709 1738 730 1763 d
744 1738 752 1770 ΙΙ
768 1739 799 1762 16
819 1737 973 1762 uenustatis
990 1739 1007 1761 0

1222 1871 1242 1902 Ἢ
