1291 1912
450 452 490 487 A.
520 452 549 487 G
562 452 591 487 E
602 452 630 486 L
642 452 669 486 L
680 451 697 486 I
707 451 724 486 I

83 536 312 578 NOCTIVM
344 534 642 576 ATTIOARVM
675 534 836 575 LIBER
869 532 1090 575 OCTAVVS

476 622 702 665 DEOIMVS

581 778 595 810 I

82 840 292 874 Disputationes
321 848 338 866 a
365 840 531 874 philosopho
560 840 653 866 Stoico
683 841 710 865 et
739 840 835 865 contra
863 846 879 864 a
903 838 1090 872 Peripatetico

119 877 222 902 arbitro
247 876 381 902 Favorino
405 876 510 907 factam
539 876 751 908 quaesitumque
775 875 848 900 inter
871 882 930 906 coe,
955 875 1091 907 quantum

118 912 146 938 in
166 912 334 946 perficienda
353 912 410 937 vita
429 912 513 938 beata
531 912 618 937 virtus
638 911 742 937 valeret
762 911 952 943 quantumque
972 911 1045 936 esset
1061 910 1091 935 in

57 955 70 974 5
119 948 175 979 hia,
195 956 266 981 quae
286 948 416 973 dicuntur
435 949 574 973 extranea.

149 1010 332 1042 Familiares
361 1010 540 1042 Favorini
573 1012 662 1042 erant
695 1009 757 1041 duo
791 1009 919 1050 quidam
952 1020 1018 1039 non
1046 1009 1116 1040 'in-1

83 1055 221 1086 celebres
250 1056 283 1086 in
311 1055 389 1086 urbe
412 1054 515 1086 Roma
539 1054 732 1096 philosophi.
779 1053 899 1085 Eorum
924 1054 985 1084 fuit
1009 1064 1090 1084 unus

83 1099 311 1140 Peripateticae
342 1099 527 1140 disciplinae
556 1101 706 1138 sectator,
738 1099 818 1129 alter
847 1097 980 1129 Stoicae.
1031 1097 1116 1128 His-2

84 1144 242 1184 quondam
271 1155 330 1186 ego
359 1145 474 1175 acriter
501 1146 596 1184 atque
625 1146 772 1174 contente
802 1153 859 1183 pro
888 1143 953 1173 suis
982 1143 1091 1173 utrim-

44 1202 69 1221 10
85 1199 145 1229 que
169 1189 301 1220 decretis
325 1189 612 1230 propugnantibus,
635 1199 707 1219 cum
731 1198 870 1218 essemus
894 1198 957 1218 una
982 1197 1091 1218 omnes

85 1232 191 1264 Ostiae
213 1243 284 1264 cum
303 1232 506 1271 Favorino,
530 1233 668 1263 interfui.
710 1231 963 1263 Ambulabamus
983 1233 1116 1262 autem3

84 1278 118 1308 in
140 1277 246 1317 litore,
273 1288 344 1308 cum
368 1278 431 1308 iam
455 1278 742 1317 advesperasceret,
766 1278 885 1307 aestate
909 1275 983 1306 anni
1007 1276 1090 1306 novi.

151 1320 256 1362 Atque
288 1322 333 1352 ibi
362 1321 487 1353 Stoicus
519 1321 667 1352 censebat
695 1323 726 1352 et
754 1321 852 1351 vitam
882 1320 1007 1351 beatam
1036 1320 1117 1350 h0-4

84 1366 163 1396 mim'
191 1367 307 1397 virtute
336 1367 433 1397 animi
457 1367 526 1397 sola
549 1368 580 1396 et
604 1366 763 1396 miseriam
788 1376 944 1395 summam
969 1364 1092 1395 malitia

45 1423 70 1443 15
85 1410 153 1441 sola
176 1421 268 1450 posse
293 1410 385 1450 effici,
408 1411 533 1441 etiamsi
557 1412 659 1441 cetera
681 1410 765 1440 bona
785 1409 900 1448 omnia,
925 1419 1005 1449 quae
1025 1419 1091 1439 cor—

85 1455 206 1494 poralia
230 1457 261 1485 et
282 1457 409 1486 externa
428 1455 673 1496 appellarentur,
696 1454 807 1484 virtuti
827 1453 979 1492 deessent,
1002 1453 1091 1483 mali-

84 1499 147 1530 tiae
167 1498 318 1530 adessent,
356 1499 413 1531 Ille
431 1502 541 1530 contra
555 1499 784 1539 Peripateticus
800 1498 947 1528 miseram
963 1497 1090 1537 quidem
1101 1505 1117 1528 5

84 1544 182 1574 vitam
207 1543 292 1574 vitiis
317 1545 413 1575 animi
437 1546 468 1574 et
491 1544 613 1574 malitia
637 1543 705 1574 sola
723 1543 792 1574 fieri
813 1541 1013 1582 concedebat,
1037 1542 1092 1572 sed

84 1587 122 1618 ad
154 1587 348 1628 conplendos
377 1599 486 1619 omnes
514 1589 598 1618 vitae
626 1587 736 1618 beatae
763 1597 912 1617 numeros
940 1586 1091 1617 virtutem

155 1695 169 1718 3
185 1692 302 1718 arbitrio
318 1693 373 1721 Q¹z
391 1695 394 1726 Ι
411 1693 522 1726 quando
535 1695 552 1718 Z
567 1694 575 1726 ΙΙ
590 1696 605 1718 4
620 1693 650 1718 ίιι
663 1692 744 1727 perf]
760 1691 962 1725 superficienda
973 1693 994 1719 Q.
1008 1698 1091 1724 super

84 1728 151 1762 perf.
172 1729 256 1754 Hertz
271 1730 279 1761 ΙΙ
296 1731 327 1754 1-2
347 1729 383 1754 ad
401 1737 532 1762 uesperas
553 1729 625 1754 esset
643 1730 661 1753 z
678 1729 681 1760 Ι
698 1729 804 1754 aestate
821 1735 870 1753 om.
886 1729 903 1752 Ζ
921 1728 923 1761 Ι
941 1735 1011 1753 nova
1030 1727 1091 1753 Sal—

84 1772 149 1790 mas.
164 1766 173 1796 ΙΙ
190 1766 220 1790 13
241 1764 384 1790 hominurn
397 1773 416 1798 γ
430 1766 438 1797 ΙΙ
454 1767 486 1790 14
505 1764 645 1790 miseriem
660 1765 721 1789 Hx
