1266 1902
186 61 249 92 258
639 63 700 88 XIX
721 67 733 89 1

157 151 173 172 4
251 142 287 173 In
324 143 432 174 eadem
469 143 531 174 fuit
568 143 777 184 philosophus
814 145 847 175 in
882 144 1048 186 disciplina
1081 145 1188 177 Stoica

185 187 374 226 celebratus,
403 198 496 228 quem
525 198 584 229 ego
608 187 743 219 Athem's
769 199 979 230 cognoveram
1002 201 1067 220 non
1090 201 1187 231 parva

184 232 285 262 virum
319 232 508 262 auctoritate
541 232 679 272 satisque
711 234 830 263 attente
859 233 1030 274 discipulos
1058 235 1186 266 iuvenes

157 276 406 306 beontinentem.
452 275 535 306 Eum
564 278 640 307 tune
664 277 696 307 in
719 277 815 308 tantis
839 277 986 317 periculis
1010 279 1105 318 inque
1129 279 1185 310 illo

183 320 323 350 tumultu
343 320 421 351 caeli
440 321 598 360 marisque
617 321 815 360 requirebam
836 322 935 352 oculis
953 323 1031 353 seire
1047 323 1186 364 cupiens,

183 374 321 404 quonam
341 366 425 395 statu
443 365 541 395 animi
561 367 592 395 et
610 375 650 395 an
665 365 827 396 interritus
843 366 1080 407 intrepidusque
1096 369 1185 398 esset.

156 416 171 438 6
182 408 288 448 Atque
307 408 351 439 ibi
372 409 532 439 hominem
553 409 765 450 conspicimus
785 409 934 450 pavidum
954 412 985 441 et
1003 411 1185 442 extrih'dum

182 453 323 493 ploratus
353 453 479 492 quidem
508 453 613 484 nullos
641 454 734 484 sicuti
763 454 858 484 ceteri
887 465 995 485 omnes
1023 465 1081 486 nec
1103 456 1184 486 ullas

180 496 362 528 huiusmodi
378 508 469 528 voces
485 497 629 538 cientem,
644 498 698 529 sed
713 498 827 529 eoloris
843 500 874 529 et
888 498 993 529 voltus
1003 499 1185 531 turbatione

156 548 245 571 7non
278 541 413 572 multum
447 553 464 572 a
497 542 608 572 ceteris
641 542 844 573 differentem.
899 541 942 573 At
974 543 1029 574 ubi
1062 544 1183 574 eaelum

181 585 295 616 enituit
327 588 358 616 et
391 586 546 616 deferbuit
579 597 664 617 mare
697 589 728 617 et
759 587 852 617 ardor
883 587 937 618 ille
970 588 1102 627 periculi
1134 588 1184 618 de-

180 629 348 671 flagravit,
366 630 486 661 aceedit
514 630 553 660 ad
577 629 718 661 Stoicum
745 630 881 661 Graecus
910 632 1067 671 quispiam
1097 632 1183 663 dives

180 685 217 704 ex
241 673 318 704 Asia
342 685 470 716 magno,
494 677 529 705 ut
553 674 745 714 videbamus,
769 674 855 705 cultu
880 678 1054 716 paratuque
1078 687 1182 707 rerum

179 720 210 748 et
238 718 390 757 familiae,
418 721 513 759 atque
542 719 609 759 ipse
636 721 702 749 erat
725 719 833 750 multis
857 719 998 760 eorporis
1022 720 1182 760 animique

153 762 299 793 sdeliciis
328 762 470 793 affluens.
517 762 547 793 Is
571 764 661 803 quasi
684 763 841 794 inludens:
872 763 959 803 ‘quid
983 763 1054 794 hoc’
1079 765 1183 805 inquit

180 807 252 846 ‘est,
285 818 302 837 o
332 806 535 847 philosophe,
568 808 666 847 quod,
699 818 769 838 cum
798 808 830 838 in
859 808 1006 848 periculis
1035 819 1182 849 essemus,

178 851 312 881 timuisti
341 853 375 882 tu
405 853 436 882 et
464 851 626 891 palluisti‘?
655 862 714 893 ego
742 862 844 891 neque
872 852 965 882 timui
991 863 1093 892 neque
1117 853 1182 893 pal-

152 895 242 926 911117
299 894 342 926 Et
374 895 584 936 philosophus
617 896 814 935 aliquantum
848 898 1026 935 cunctatus,
1063 908 1103 927 an
1135 908 1181 928 re-

178 939 332 979 spondere
360 940 387 970 ei
417 940 611 971 conveniret:
641 940 679 970 ‘si
703 940 778 980 quid
802 941 872 981 ego’
897 941 1002 980 inquit
1026 941 1069 971 ‘in
1093 943 1181 972 tanta

177 984 328 1014 violentia
356 986 580 1024 tempestatum
607 985 716 1015 videor
738 985 868 1025 paulum
893 985 1089 1025 pavefactus,
1116 996 1181 1016 non

134 1030 210 1060 lotu
249 1027 340 1058 istius
373 1029 417 1058 rei
450 1028 572 1059 ratione
604 1029 758 1059 audienda
791 1029 904 1070 dignus
938 1040 978 1059 es.
1035 1028 1089 1060 Set
1120 1029 1180 1060 tibi

177 1083 250 1102 sane
277 1071 500 1113 Aristippus
528 1073 581 1103 ille
611 1084 644 1101 *ῆι
674 1073 861 1113 discipulus,
889 1084 946 1113 pro
975 1084 1024 1103 me
1052 1084 1179 1114 respon-

177 1116 257 1147 derit
282 1116 391 1155 (FPG
411 1116 453 1147 II
470 1119 541 1154 407,
560 1118 628 1157 16),
657 1117 710 1157 qui
739 1117 772 1147 in
801 1117 896 1147 simili
924 1119 1066 1158 tempore
1094 1128 1113 1148 a
1141 1118 1179 1148 si-

176 1160 309 1191 millimo
343 1161 389 1191 tui
423 1160 551 1191 homine
584 1162 810 1202 interrogatus,
844 1172 939 1201 quare
968 1161 1178 1202 philosophus

175 1205 313 1245 timeret,
342 1216 413 1235 eum
444 1206 496 1236 ille
525 1208 635 1236 contra
660 1205 740 1236 nihil
764 1207 930 1245 metueret,
959 1216 1023 1236 non
1048 1206 1177 1236 eandem

175 1259 241 1279 esse
266 1259 391 1279 eausam
417 1249 477 1279 sibi
501 1251 595 1289 atque
619 1250 666 1280 illi
689 1250 860 1289 respondit,
886 1250 1035 1289 quoniam
1060 1250 1086 1280 is
1111 1250 1177 1290 qui-

175 1293 245 1324 dem
275 1295 357 1324 esset
384 1304 448 1324 non
478 1305 593 1335 magno
620 1304 713 1334 opere
737 1293 892 1324 sollicitus
917 1304 974 1334 pro
998 1294 1103 1324 anima
1126 1305 1177 1324 ne-

175 1337 318 1377 quissimi
343 1338 524 1377 nebulonis,
553 1338 656 1378 ipsum
681 1340 786 1368 autem
811 1349 867 1378 pro
892 1337 1049 1378 Aristippi
1073 1338 1178 1368 anima

174 1382 304 1412 timere?

244 1480 276 1502 22
288 1486 345 1510 sqq.
366 1477 445 1511 Diog.
463 1477 490 1503 L,
507 1477 530 1502 Π
546 1480 569 1510 8,
586 1481 600 1502 4
616 1479 670 1510 (71)
689 1477 796 1503 Aelian.
813 1486 835 1502 ν.
852 1477 876 1503 h.
894 1478 929 1502 IX
945 1480 978 1502 ’ΖΟ

243 1569 257 1591 5
283 1566 391 1592 occulte
411 1569 456 1590 ΤΥ
475 1568 483 1599 ΙΙ
503 1568 517 1591 7
542 1565 715 1599 impauidmn
736 1576 755 1591 ω
775 1573 841 1591 corr.
860 1566 906 1592 Gr.
925 1566 1106 1626 &exterritum
1127 1566 1173 1592 Gr.

172 1601 335 1626 extimidum
353 1602 466 1635 Geomes
485 1601 643 1626 exalbidum
658 1601 716 1633 Sia,
714 1611 719 1616 “
733 1601 838 1627 mallem
853 1608 923 1634 expa
936 1600 1024 1626 lidum
1038 1610 1050 1627 s
1074 1601 1175 1627 exlusi-

172 1637 236 1662 dum
251 1638 259 1669 ΙΙ
274 1640 289 1661 8
313 1636 423 1669 ploratu
444 1639 463 1664 0,
480 1637 483 1670 Ι
500 1636 575 1662 1111110
596 1637 618 1662 δ
632 1637 640 1669 ΙΙ
655 1639 669 1662 9
692 1622 827 1662 eiusmodi
848 1646 868 1661 ω
886 1640 992 1669 praeiet
1012 1639 1031 1665 Q
1045 1638 1054 1670 ΙΙ
1070 1640 1101 1661 15
1121 1636 1174 1662 dif-

171 1671 295 1705 fluens)
314 1674 322 1705 [Ι
342 1675 373 1697 *22
399 1673 525 1698 lacunam
544 1672 600 1697 md.
620 1672 704 1698 Hettz
723 1672 779 1698 coll.
801 1672 983 1711 Azeyustcwtzl
1002 1672 1018 1697 l.
1038 1671 1174 1705 Aristippi

172 1707 510 1740 Socratici;A1istippius
530 1708 598 1733 ΔΘ).
618 1708 626 1740 ΙΙ
646 1710 678 1732 23
699 1707 745 1740 qui
766 1716 827 1732 oum
847 1707 875 1732 in
896 1717 915 1732 ω
940 1715 1001 1732 oum
1021 1707 1069 1733 del.
1088 1715 1103 1732 σ
1126 1707 1173 1740 qui

171 1751 232 1767 mm
253 1764 256 1768 .
275 1743 415 1777 (esset)
436 1743 621 1776 interrogatus
638 1743 725 1774 Li0n,·
745 1752 780 1768 (ιη
801 1742 848 1775 qui
867 1743 916 1775 (in)
937 1742 1092 1768 consimili?
