1266 1902
173 77 211 108 78
511 77 574 103 XIII
593 81 638 110 203
659 81 690 103 21
711 79 767 111 (19;
788 80 832 111 20)

170 159 293 199 prolata
317 159 417 189 oratio
443 161 503 198 est,
528 158 629 189 filium
654 158 780 198 quidem
805 158 846 189 M.
871 157 1021 189 Catonem
1048 158 1172 190 habuit:

170 203 223 233 sed
251 213 314 233 non
344 214 412 233 eum
421 227 429 242 7
457 202 511 242 qui
535 202 647 233 Vticae
671 203 766 243 perit,
795 203 847 233 sed
872 203 939 243 qui,
967 213 1037 233 cuin
1062 203 1172 233 aedilis

169 247 286 277 curulis
320 249 350 277 et
383 249 509 286 praetor
541 246 665 286 fuisset,
701 247 733 276 in
766 246 900 277 Galliam
932 246 1171 278 Narbonensem

127 301 156 322 13
169 291 328 331 profectus
358 291 402 321 ibi
430 291 495 321 vita
523 291 650 321 functus
679 293 733 321 est.
780 290 829 321 Ex
858 290 957 321 altero
986 294 1090 322 autem
1116 291 1171 321 illo

170 335 310 365 Censorii
343 335 409 365 filio
443 335 537 375 longe
570 337 646 365 natu
677 335 811 374 minore,
845 346 937 374 quein
967 334 1171 365 Salonianum
1200 349 1211 367 5

169 390 235 409 esse
255 379 449 419 appellatum
470 379 543 416 dixi,
563 379 624 409 duo
644 379 711 409 nati
731 381 804 410 sunt
823 379 856 409 L.
877 378 954 409 Cato
974 382 1005 410 et
1023 379 1064 409 M.
1085 378 1171 410 Cato.

127 422 198 455 1418
227 423 267 453 M.
293 422 371 453 Cato
400 423 546 453 tribunus
575 423 677 463 plebis
705 423 766 453 fuit
794 426 825 454 et
854 425 1032 463 praeturam
1062 426 1171 463 petens

169 469 302 498 mortem
328 467 421 507 obiit,
445 478 482 497 ex
507 478 606 507 eoque
630 469 723 497 natus
748 469 794 498 est
817 467 858 498 M.
884 466 961 497 Cato
986 467 1170 507 praetorius,

168 512 222 551 qui
242 522 273 541 se
293 511 376 542 bello
397 511 481 542 civili
502 510 612 542 Vticae
632 512 799 551 interemit,
824 512 861 542 de
881 512 969 542 euius
989 512 1053 542 vita
1073 511 1171 541 laudi-

168 555 289 595 busque
323 565 393 586 eum
423 555 463 586 M.
488 555 636 586 Tullius
666 555 829 595 scriberet,
862 557 1069 596 pronepotem
1098 566 1170 585 eum

125 608 156 631 15
169 599 297 630 Catonis
336 599 477 630 Censorii
515 600 594 630 dixit
630 600 735 630 fuisse.
794 599 917 630 Videtis
955 600 1053 640 igitur
1090 600 1170 630 hane

166 646 288 684 partem
321 644 474 683 familiae,
507 654 587 683 quae
620 655 657 674 ex
691 644 812 674 minore
841 643 970 674 Catonis
1003 643 1068 674 filio
1100 654 1170 683 pro-

167 688 273 729 genita
302 690 362 727 est,
391 698 456 718 non
485 687 586 718 solum
616 689 739 729 generis
767 688 866 728 ipsius
894 687 1088 726 tramitibus,
1117 687 1170 718 sed

166 734 346 772 temporum
371 743 497 772 quoque
521 732 623 772 spatio
649 732 785 772 differre3
809 743 881 762 nam
907 732 980 771 quia
1004 732 1058 762 ille
1083 732 1169 762 Salo-

166 777 278 807 nianus
302 777 335 806 in
359 778 498 807 extrema
522 777 621 816 patris
645 778 755 816 aetate,
779 776 870 807 sicuti
891 776 963 815 dixi,
988 778 1079 806 natus
1099 776 1169 815 fuit,

166 821 314 862 prognati
343 831 469 861 quoque
498 820 536 851 ab
566 831 602 851 eo
631 821 793 860 aliquanto
820 821 1009 860 posteriores
1033 820 1169 859 fuerunt,

122 874 154 896 16
166 876 260 904 quam
294 865 348 904 qui
381 876 398 895 a
431 865 548 895 maiore
580 865 676 895 fratre
709 865 775 895 eius
804 865 903 905 geniti
931 866 1028 895 erant.
1079 864 1170 895 Hanc

165 911 344 949 temporum
383 909 590 939 differentiam
626 908 719 939 facile
751 909 1006 939 animadvertetis
1039 919 1077 938 ex
1110 908 1169 939 hac

165 954 234 993 ipsa
258 953 414 992 oratione,
439 963 510 984 cum
536 964 603 983 eam
628 953 758 993 legetis’

122 1006 153 1029 17
231 996 318 1028 Haec
349 996 543 1037 Sulpicius
572 996 811 1037 Apollinaris
844 997 1043 1027 audientibus
1076 997 1168 1027 nobis

165 1041 253 1072 dixit.
301 1040 387 1078 Quae
410 1043 520 1081 postea
544 1041 588 1071 ita
612 1052 691 1079 esse,
719 1041 765 1071 uti
790 1041 925 1080 dixerat,
953 1041 1168 1081 eognovinmS,

165 1096 235 1116 cum
261 1088 292 1116 et
316 1085 555 1116 laudationes
580 1085 757 1116 funebres
777 1087 808 1115 et
826 1085 964 1115 librum
986 1095 1168 1116 commen-

165 1130 302 1160 tarium
326 1130 367 1160 de
392 1129 538 1160 familia
562 1129 696 1160 Porcia
720 1130 903 1169 legeremus.

573 1208 647 1239 XXI
674 1207 761 1249 (xx)

164 1260 242 1291 Quod
259 1269 274 1285 a
289 1260 469 1293 scriptoribus
485 1260 699 1293 elegantissimis
714 1260 802 1285 maior
817 1260 888 1285 ratio
904 1259 1000 1285 habita
1013 1259 1049 1284 sit
1060 1259 1166 1284 sonitus
1182 1267 1192 1285 2

198 1304 295 1321 vocum
315 1297 397 1328 atque
417 1295 561 1321 verborum
581 1295 763 1326 iucundioris,
784 1303 854 1328 quae
875 1303 890 1320 a
910 1294 1022 1320 Graecis
1041 1293 1165 1326 εὐφωνία

199 1331 308 1363 dicitur,
329 1339 411 1364 quam
427 1331 539 1364 regulae
555 1330 784 1364 disciplinaeque,
804 1338 874 1362 quae
890 1338 906 1355 a
921 1330 1110 1362 grammaticis
1125 1338 1165 1355 re-

198 1367 278 1399 perta
297 1368 346 1391 est,

138 1430 149 1451 1
228 1419 444 1462 Interrogatus
469 1423 516 1451 est
534 1419 678 1450 Probus
699 1419 888 1459 Valerius,
913 1419 997 1459 quod
1019 1431 1056 1450 ex
1076 1419 1164 1450 fami-

162 1465 232 1494 liari
270 1465 336 1495 eius
374 1465 521 1505 quodam¹
548 1464 688 1504 conperi⁷
727 1464 846 1494 ‘has'ne
881 1464 989 1494 ‘urbis'
1024 1474 1063 1494 an
1097 1463 1163 1494 ‘has

233 1548 247 1567 ὅ
268 1542 350 1576 [Plut.
367 1542 434 1568 Cato
450 1542 513 1567 mai.
530 1542 574 1576 27]
705 1544 737 1567 ‘36
758 1541 827 1567 GLK
843 1541 879 1567 IV
895 1544 953 1573 379,
969 1544 983 1566 :2
1004 1541 1028 1567 V
1043 1544 1101 1573 354,
1118 1543 1162 1573 17;

162 1580 207 1608 29;
228 1581 286 1608 517,
302 1581 330 1606 ‘22
350 1580 391 1608 47,
408 1580 439 1602 12
456 1577 489 1602 al.
511 1577 576 1603 CGL
592 1577 628 1602 VI
643 1580 693 1603 402

233 1651 245 1673 1
272 1648 319 1682 M.J
340 1649 423 1673 Hertz
447 1649 578 1673 maiorem
598 1657 617 1672 ω
641 1649 649 1680 Η
673 1650 687 1672 2
712 1647 795 1680 periit
815 1646 968 1675 0,“”’ΝῙΠΧΞ
991 1648 1000 1679 Η
1023 1650 1037 1671 4
1062 1646 1121 1680 illo]
1142 1648 1162 1674 Q

160 1683 200 1708 iro
221 1686 237 1707 Z
265 1683 324 1708 uiro
345 1693 364 1708 ω
383 1685 391 1715 Η
411 1686 425 1708 5
448 1683 532 1708 solon.
552 1686 576 1708 X
593 1685 601 1716 Η
622 1685 635 1707 7
661 1684 722 1707 cato
747 1691 854 1708 marcus
874 1682 947 1708 0¹11
967 1683 1028 1707 cato
1047 1690 1096 1707 om.
1116 1684 1139 1706 X
1152 1682 1162 1716 Η

162 1721 193 1744 17
218 1719 312 1752 quam]
337 1726 401 1743 nam
423 1720 529 1743 ONIIZ
551 1720 559 1750 Η
581 1721 613 1743 22
638 1717 739 1743 librum
764 1718 812 1744 dez.
834 1719 914 1744 lllms.
936 1719 944 1750 Η
966 1720 998 1742 23
1022 1716 1108 1742 forcia
1129 1717 1161 1744 (2¹

161 1754 243 1779 sortia
258 1756 274 1778 Z
290 1756 298 1787 Η
313 1756 344 1779 27
366 1762 382 1778 a
397 1762 446 1780 om.
463 1756 482 1781 Q
496 1755 504 1787 Η
520 1756 551 1779 30
571 1752 711 1786 quondam
727 1761 741 1778 σ

1186 569 1210 587 10

1186 789 1209 807 15

1183 1009 1208 1027 *20

1179 1476 1204 1494 30
