1266 1902
163 67 225 98 132
597 67 648 93 XV
666 71 695 99 43
715 71 729 93 5

161 148 299 179 sulatum
328 158 454 188 quoque
482 148 631 189 adeptum
660 159 740 188 esse,
773 159 905 188 eamque
932 159 998 179 rem
1027 150 1093 179 tam
1121 148 1167 179 in-

160 193 333 223 toleranter
360 193 471 223 tulisse
498 193 653 233 populum
680 192 873 233 Romanum,
902 193 957 232 qui
980 192 1167 223 Ventidium

160 236 295 267 Bassum
319 236 506 267 meminerat
530 236 675 267 curandis
699 236 794 267 mulis
818 237 986 276 victitasse,
1010 239 1046 267 ut
1069 237 1166 278 vulgo

162 292 218 321 per
246 281 312 311 vias
336 281 424 311 urbis
448 281 596 311 versiculi
619 280 890 321 proscriberentur
914 283 955 320 (p.
975 283 1044 319 331,
1065 283 1085 311 7
1099 280 1167 320 B.):

206 343 424 373 concurrite
449 353 576 373 omnes
601 345 774 383 augures,
797 342 1033 383 haruspices!
1195 355 1207 373 5

207 386 425 426 portentum
454 387 681 417 inusitatum
710 386 918 417 conflatum
945 389 1002 417 est
1023 397 1167 417 recens:

206 442 288 461 nam
314 431 433 461 mulas
458 431 521 471 qui
544 431 723 471 fricabat,
747 431 879 462 consul
902 431 1027 462 factus
1052 432 1115 461 est.

136 502 151 524 4
228 492 374 523 Eundem
415 492 549 523 Bassum
588 492 791 523 Suetonius
829 492 1076 532 Tranquillus
1113 492 1167 541 (fr.

161 539 224 568 210
248 536 301 571 R)
339 537 555 577 praepositum
594 548 661 568 esse
697 548 715 567 a
746 536 787 567 M
821 535 962 567 Antonio
995 536 1167 577 provinciis

163 581 369 612 orientalibus
394 580 592 621 Parthosque
621 581 654 611 in
678 580 801 621 Syriam
828 580 1090 621 introrumpentis
1114 581 1167 611 tri-
1183 594 1208 612 ιο

162 625 220 656 bus
250 625 289 656 ab
318 636 354 656 eo
383 625 500 665 proelis
529 625 616 656 fusos
646 625 755 656 scribit
780 636 916 665 eumque
939 625 1078 665 primum
1103 635 1167 655 om-

162 671 250 700 nium
280 669 317 700 de
341 669 467 700 Parthis
496 669 709 710 triumphasse
736 671 768 700 et
795 671 897 700 morte
927 669 1014 700 obita
1037 668 1167 710 publico

162 714 272 744 funere
297 714 456 754 sepultum
481 725 556 745 esse.

651 783 681 815 V

215 844 337 870 Verbum
359 844 496 878 ‘profligo’
519 853 534 870 a
554 844 693 878 plerisque
713 844 767 870 dici
787 844 928 877 inproprie
948 844 1111 876 insciteque,
1184 851 1207 870 15

138 917 151 940 1
231 907 320 939 Sicut
352 908 413 938 alia
446 908 542 939 verba
575 909 725 949 pleraque
757 907 956 949 ignoratione
985 909 1015 937 et
1042 906 1168 938 inscitia

163 952 307 993 improbe
336 953 522 992 dicentium,
555 964 634 993 quae
662 963 726 983 non
753 952 953 993 intellegant,
984 951 1104 982 deflexa
1132 961 1168 981 ac

164 997 333 1037 depravata
366 999 440 1027 sunt
472 1008 490 1027 a
521 997 644 1027 ratione
675 998 759 1027 recta
792 998 823 1027 et
851 995 1091 1035 consuetudine,
1125 995 1169 1026 ita

164 1041 258 1071 huius
292 1051 418 1081 quoque
450 1041 552 1081 verbi,
585 1041 670 1081 quod
700 1042 747 1071 est
775 1039 944 1081 ‘profligo',
977 1039 1167 1081 significatio

137 1095 253 1118 2versa
277 1088 307 1116 et
331 1088 480 1126 corrupta
504 1088 557 1116 est.
604 1084 688 1116 Nam
712 1095 783 1115 cum
807 1084 846 1115 ab
871 1083 1050 1125 adfligendo
1074 1086 1106 1114 et
1129 1083 1168 1114 ad
1183 1096 1208 1115 230

164 1130 335 1169 perniciem
364 1130 591 1170 interitumque
618 1129 799 1160 deducendo
823 1129 1009 1159 inclinatum
1034 1128 1065 1158 id
1089 1129 1168 1158 trac-

163 1176 296 1214 tumque
324 1173 365 1204 sit
389 1184 575 1214 semperque
599 1184 636 1204 eo
660 1173 769 1213 verbo,
799 1173 854 1212 qui
878 1173 1046 1213 diligenter
1068 1172 1168 1202 locuti

164 1220 251 1257 sunt,
278 1218 323 1248 ita
351 1218 400 1248 usi
429 1219 505 1257 sint,
534 1220 569 1248 ut
598 1217 788 1259 ‘profligare’
814 1217 954 1247 dicerent
978 1216 1166 1257 ‘prodigere’

164 1264 195 1293 et
224 1262 415 1302 ‘deperdere’
446 1262 715 1303 ‘profligatasque'
739 1272 788 1292 res
813 1261 903 1301 quasi
928 1260 1112 1301 ‘proflictas'
1138 1262 1168 1291 et

165 1306 325 1346 ‘perditas'
355 1307 565 1346 appellarent,
593 1316 678 1336 nunc
705 1305 798 1336 audio
827 1305 969 1336 aedificia
995 1306 1026 1335 et
1048 1304 1168 1345 templa
1183 1317 1207 1336 25

165 1352 196 1381 et
228 1351 289 1381 alia
321 1350 386 1381 fere
419 1351 532 1390 multa,
566 1361 645 1390 quae
678 1360 776 1390 prope
809 1349 954 1380 absoluta
982 1349 1168 1388 adfectaque

165 1397 251 1434 sunt
280 1394 325 1424 ‘in
353 1395 534 1436 profligato'
564 1405 631 1426 esse
660 1394 721 1425 dici
748 1394 879 1434 ipsaque
908 1404 974 1424 esse
999 1393 1060 1423 iam
1086 1392 1169 1433 ‘pro-

165 1526 240 1551 Eum
252 1525 325 1551 V115
342 1525 413 1551 Sext.
426 1525 488 1550 Ruf
502 1528 533 1551 18
608 1528 638 1550 19
650 1511 708 1558 sqq
724 1524 793 1550 Non
805 1524 863 1557 Hp
878 1526 935 1556 160,
947 1527 980 1549 24
992 1523 1033 1549 Gl
1043 1522 1122 1549 Reiff.
1135 1525 1167 1548 36

165 1560 209 1586 C(
212 1561 232 1585 L
247 1560 296 1586 VII
313 1563 361 1586 138
382 1569 465 1593 supra
479 1561 516 1586 H]
532 1563 572 1592 16
590 1563 620 1585 19

236 1493 320 1523 Ssqq.
346 1490 362 1515 l
381 1489 766 1523 l.Liv.epit.127sq..Flor
782 1489 806 1514 H
824 1491 862 1520 19
878 1488 1167 1520 51ustin.XLII4,7
1225 1458 1229 1532 ξ

236 1643 250 1666 6
274 1640 448 1665 invisitatum
468 1640 659 1666 Broul‘husius
677 1641 685 1673 ΙΙ
706 1642 719 1664 ’7
739 1638 840 1673 mulas]
862 1641 881 1667 Q,
905 1638 993 1664 mulos
1013 1648 1033 1663 ω
1052 1639 1060 1671 ΙΙ
1080 1640 1111 1663 ὓ0
1132 1638 1167 1663 ab

165 1685 214 1702 om.
230 1678 247 1700 Z
265 1676 299 1701 ab
314 1675 363 1709 flig
366 1676 435 1701 endo
451 1675 479 1700 id
495 1676 536 1700 est
551 1675 593 1701 Sk.
609 1677 617 1708 ΙΙ
633 1678 665 1700 23
680 1674 825 1708 profligere
843 1674 887 1700 Oct
900 1675 908 1706 ΙΙ
924 1677 955 1699 24
970 1673 1085 1707 perdere
1102 1673 1146 1698 111
1162 1674 1164 1707 1

166 1711 245 1745 quasi
260 1711 386 1744 proflicta
402 1711 547 1744 deperdita
563 1711 686 1744 perditas
698 1712 717 1738 Q,
732 1719 757 1743 q.
768 1709 895 1743 proflicta
909 1709 1056 1742 profligata
1071 1709 1167 1742 deper-

166 1747 225 1772 dita
245 1747 292 1772 sed
311 1746 434 1779 perditas
454 1749 471 1771 Z
493 1746 652 1779 deperditas
675 1746 726 1778 Oct,
744 1745 790 1771 sed
808 1753 863 1771 non
883 1745 955 1771 Non.
971 1745 1026 1777 1126
1046 1743 1131 1769 ferme
1150 1746 1167 1768 Z
