1266 1902
185 55 247 86 192
630 54 705 80 XVH
725 58 739 80 2

182 138 410 177 praesentes.
452 135 543 166 Post
566 136 760 167 meridiem
784 136 977 176 praesenti
1000 136 1108 166 litem
1128 135 1188 166 ad-

183 180 310 211 dicito.
353 179 391 210 Si
416 179 523 210 ambo
548 182 779 220 praesentes,
803 180 860 211 sol
883 190 1038 211 occasus
1059 191 1188 220 supre-

183 236 238 255 ma
261 226 468 264 tempestas
492 226 581 255 esto.

141 278 170 300 11
248 268 325 299 Nos
350 269 455 308 inquit
473 268 526 307 (fir.
541 270 583 299 25
599 267 653 308 P.)
675 269 712 299 in
735 269 895 299 medium
919 268 1188 308 relinquemus.

183 313 308 354 Vulgus
338 313 382 343 ‘in
410 313 523 343 medio'
550 313 638 353 dicit3
667 324 739 343 nam
763 313 876 343 vitium
901 323 968 343 esse
992 313 1074 344 istuc
1098 314 1190 353 putat
1219 327 1229 346 5
1257 320 1262 339 ⁵

184 360 223 397 et,
247 357 273 388 si
297 357 382 387 dicas
407 357 452 387 ‘in
476 357 614 387 medium
639 357 777 397 ponere',
801 357 832 387 id
857 367 983 397 quoque
1004 368 1072 388 esse
1091 357 1191 387 soloe-

184 412 245 432 con
272 402 399 441 putant3
430 403 478 432 set
505 401 702 441 probabilius
732 401 1026 442 significantiusque
1055 401 1100 432 sic
1128 400 1190 431 dici

184 445 355 485 videbitur,
385 445 411 476 si
438 445 507 485 quis
532 456 568 475 ea
592 445 688 476 verba
710 456 774 476 non
798 445 955 476 incuriose
979 445 1191 486 introspiciat3

186 489 302 520 Graece
331 500 457 529 quoque
486 492 595 520 θεῖναι
624 490 669 526 εἰς
697 489 811 530 μέσον,
840 490 953 520 vitium
982 489 1013 520 id
1042 500 1107 520 non
1135 491 1190 520 est.

142 543 172 565 12
250 533 455 573 Postquam
484 534 700 564 nuntiatum
729 536 798 573 est,
826 534 931 574 inquit
954 534 1008 573 (fr.
1033 536 1051 564 1
1072 533 1123 573 P.)
1151 536 1191 564 ut
1207 547 1231 566 10
1252 541 1263 560 ¹⁰

185 580 393 619 pugnatum
423 579 522 608 esset
551 579 588 608 in
617 577 759 618 Gallos,
792 578 828 608 id
857 578 993 609 civitas
1023 577 1192 618 graviter

185 622 284 653 tulit.
335 621 377 652 In
412 621 541 653 Gallos
575 622 722 652 mundius
756 622 968 662 subtiliusque
1002 624 1063 661 est,
1096 633 1191 662 quam

186 667 269 697 ‘cum
296 665 404 696 Gallis'
435 668 490 697 aut
515 667 637 697 ‘contra
662 665 794 706 Gallos’3
824 678 896 697 nam
921 666 1090 707 pinguiora
1114 665 1192 697 haec

187 711 442 751 obsoletioraque
466 712 548 741 sunt.

144 764 174 786 13
254 754 374 785 Simul
397 754 502 795 inquit
526 755 578 794 (fr.
595 757 615 785 8
631 754 683 795 P.)
707 755 839 793 forma,
863 755 991 794 factis,
1015 755 1192 794 eloquen-
1208 768 1232 787 15
1260 762 1264 780 2

186 799 253 839 tia,
289 799 491 840 dignitate,
524 799 746 839 acrimonia,
779 799 1016 829 confidentia
1049 799 1194 839 pariter

141 877 145 880 ,
186 843 459 884 praecellebat,
488 846 527 874 ut
555 843 670 874 facile
698 843 992 885 intellegeretur
1020 854 1192 884 magnum

186 888 367 918 viaticum
406 898 448 918 ex
487 898 523 918 se
559 890 671 927 atque
705 888 741 918 in
774 898 809 918 se
842 888 886 918 ad
918 887 1191 928 rempublicam

187 932 426 962 evertendam
473 931 619 962 habere.
685 931 859 973 Magnum
906 932 1088 962 viaticum
1135 941 1193 971 pro

187 987 303 1017 magna
334 976 486 1006 facultate
517 978 547 1007 et
574 978 687 1016 paratu
716 986 831 1017 magno
860 987 940 1006 nove
969 976 1108 1016 positum
1138 977 1194 1015 est,
1209 989 1234 1007 20

187 1020 374 1060 videturque
395 1019 529 1051 Graecos
550 1022 685 1060 secutus,
709 1020 763 1060 qui
782 1019 920 1060 ἑφόδιον
939 1031 956 1050 a
976 1022 1105 1060 sumptu
1125 1020 1194 1050 viae

188 1064 227 1094 ad
247 1065 379 1094 aliarum
401 1075 527 1104 quoque
546 1075 651 1095 rerum
671 1066 840 1105 apparatus
860 1064 1030 1095 traducunt
1048 1074 1084 1094 ac
1101 1074 1194 1103 saepe

188 1108 367 1148 ἐφοδίασον
387 1119 444 1148 pro
465 1119 501 1139 eo
522 1108 641 1148 dicunt,
660 1108 744 1148 quod
764 1110 810 1139 est
826 1108 980 1139 ‘institue'
995 1110 1026 1138 et
1042 1108 1193 1138 ‘instrue’.

146 1163 177 1184 14
254 1152 347 1183 Nam
376 1152 522 1183 Marcus
552 1153 656 1193 inquit
682 1152 734 1194 (fr.
760 1155 780 1183 7
799 1152 852 1187 Ρ.)
881 1152 1058 1191 Manlius⁷
1086 1163 1193 1192 quem

190 1196 424 1237 Capitolium
467 1208 637 1228 servasse
679 1208 697 1227 a
735 1195 854 1227 Gallis
894 1208 1007 1237 supra
1045 1196 1194 1227 ostendi
1210 1204 1266 1228 252

190 1241 372 1280 cuiusque
402 1252 552 1281 operam
577 1251 657 1272 cum
682 1241 723 1272 M.
747 1240 860 1271 Furio
885 1241 1073 1271 dictatore
1097 1239 1194 1281 apud

190 1283 319 1315 Gallos
349 1286 555 1326 cumprime
584 1285 720 1316 fortem
749 1287 861 1325 atque
890 1284 1194 1325 exsuperabilem

189 1329 407 1369 respublica
437 1330 570 1369 sensit,
598 1330 628 1360 is
657 1332 693 1360 et
716 1340 850 1370 genere
875 1331 910 1360 et
934 1329 969 1359 vi
994 1331 1028 1360 et
1052 1329 1195 1359 virtute

190 1373 331 1404 bellica
368 1374 509 1404 nemini
547 1374 788 1404 concedebat.
845 1372 1020 1413 ‘Adprime’
1055 1372 1194 1404 crebrius

262 1455 274 1476 1
298 1451 439 1484 praesenti
458 1452 519 1477 eici!
539 1452 700 1478 Raevartlus
718 1453 726 1484 Η
746 1454 760 1476 2
786 1451 807 1476 si
829 1451 909 1477 ambo
929 1460 968 1484 pn
989 1452 1038 1477 del.
1054 1451 1174 1485 Scaliyer
1190 1451 1193 1484 l

191 1487 256 1512 solis
273 1489 292 1515 Q
306 1488 358 1513 alii
373 1491 455 1518 testes,
469 1487 515 1513 sed
531 1487 570 1513 vd.
588 1487 666 1513 XIV
674 1490 697 1518 7,
708 1489 725 1512 8
739 1488 747 1519 ΙΙ
762 1490 776 1512 5
793 1494 851 1512 esse
867 1495 915 1512 ωη.
927 1496 945 1520 γ
961 1488 1002 1512 est
1013 1489 1033 1514 Q
1046 1488 1054 1519 Η
1070 1489 1084 1511 6
1100 1486 1195 1519 sol(0)e

191 1524 354 1555 computant
370 1525 468 1547 NOXZ
489 1522 680 1548 soloecismum
700 1523 800 1556 putant
816 1522 915 1550 Q11x2
929 1523 937 1555 ΙΙ
954 1525 965 1546 7
988 1523 1015 1547 et
1029 1524 1074 1555 γα
1090 1522 1093 1555 Ι
1111 1521 1196 1554 signi—

191 1558 354 1590 ficatiusque
374 1560 391 1582 Z
411 1559 418 1590 ΙΙ
438 1560 453 1583 8
473 1558 585 1583 uidetur
605 1560 624 1586 Q
643 1560 651 1591 Η
672 1560 702 1583 13
722 1558 778 1583 iam
798 1559 814 1581 Z
833 1558 841 1590 ΙΙ
863 1560 894 1582 14
914 1557 1139 1589 absolutioraque
1156 1565 1175 1590 γ
1188 1556 1197 1591 ΙΙ

192 1596 224 1618 15
239 1592 325 1618 forme
341 1593 405 1618 (511¹
422 1593 425 1626 1
443 1592 601 1625 eloquentie
612 1596 629 1617 Z
644 1594 652 1626 Η
669 1596 698 1618 17
714 1592 904 1626 praecollebat
914 1595 931 1617 Z
946 1592 1144 1626 praecolebant
1155 1594 1174 1620 Q
1189 1592 1196 1624 ΙΙ

193 1631 224 1653 18
244 1636 277 1653 ex
292 1644 326 1647 -
343 1631 374 1653 19
394 1628 528 1653 uiaticum
546 1629 586 1662 Ζβ
605 1637 654 1654 om.
671 1639 690 1653 ω
705 1629 713 1661 ΙΙ
728 1630 759 1653 21
782 1636 798 1653 a
817 1636 866 1653 om.
881 1630 926 1661 γα
943 1629 945 1661 Ι
963 1629 1103 1660 sumptum
1119 1627 1174 1655 01³2
1189 1628 1197 1660 Η

193 1666 225 1689 23
242 1664 420 1689 ΕΦΟΔΙΟΟΝ
437 1674 457 1688 ω
472 1671 539 1689 corr.
550 1664 702 1696 Stephanus
716 1665 724 1697 ΙΙ
739 1666 772 1688 24
787 1671 866 1696 quem
883 1672 932 1689 om.
945 1664 967 1689 δ
981 1665 989 1696 ΙΙ
1004 1666 1036 1688 26
1052 1662 1087 1688 ad
1102 1662 1196 1688 Gallos

192 1699 305 1730 Pradel,
329 1699 360 1724 de
383 1700 526 1731 praeposit.
551 1700 579 1725 vi
598 1708 626 1732 2).
647 1701 698 1725 493
721 1700 730 1732 ΙΙ
754 1701 784 1724 27
811 1707 926 1732 exsuper
950 1698 1073 1724 habilem
1093 1698 1173 1724 Mms.
1188 1698 1198 1733 Η

192 1737 225 1760 28
245 1736 273 1760 et
291 1734 317 1759 vi
333 1735 381 1760 dez.
399 1735 480 1760 Mms.
