1291 1912
512 62 575 88 XIV
595 65 623 95 7;
643 65 657 88 8
1030 62 1090 94 125

81 145 134 184 (fr.
149 146 170 175 3
184 144 226 175 H.
246 146 265 174 5
281 143 352 183 ΒΥ.)
376 143 611 175 Tuberonem
633 144 686 184 (fr.
703 147 720 175 1
737 144 777 175 H.
793 145 830 175 de
844 145 894 184 off.
909 155 969 176 sen.
986 147 1004 175 1
1020 144 1091 185 Br.)

81 189 183 220 dicere
218 189 263 219 ait
296 189 419 219 nullum
454 189 765 219 senatusconsultum
800 189 867 220 fieri
900 199 993 230 posse
1026 200 1091 220 non

81 233 270 264 discessione
308 233 405 272 facta,
443 233 517 273 quia
550 233 583 263 in
617 233 764 264 omnibus
798 233 1091 273 senatusconsultis,

79 278 175 308 etiam
196 277 228 308 in
248 277 296 316 iis,
317 288 397 317 quae
416 288 472 317 per
492 277 678 308 relationem
698 278 820 317 fierent,
839 278 988 309 discessio
1009 281 1091 309 esset

50 334 62 352 5
80 322 268 361 necessaria,
302 322 396 362 idque
430 322 498 362 ipse
527 320 662 362 Capito
696 333 804 352 verum
839 333 906 353 esse
935 322 1088 353 adfirmat.

80 364 141 397 Sed
166 366 204 397 de
227 365 287 397 hac
312 367 398 396 omni
422 377 455 396 re
479 366 542 396 alio
568 367 600 396 in
624 366 695 397 loco
721 366 801 405 (III
813 369 868 403 18)
893 366 1017 407 plenius
1041 377 1087 398 ac·

79 411 283 450 curatiusque
307 421 365 441 nos
390 410 519 441 memini
545 410 688 441 scribere.

544 498 622 530 VIII

78 560 240 591 Quaesitum
261 567 320 586 esse
341 559 564 592 dissensumque,
589 568 625 585 an
644 560 802 593 praefectus
823 560 986 586 Latinarum
1006 569 1090 586 causa

37 602 62 621 ιο
113 597 222 621 creatus
242 595 284 621 ius
305 597 417 621 senatus
438 596 608 621 convocandi
628 595 846 629 consulendique
866 595 977 622 habeat.

143 657 343 690 Praefectum
366 659 437 690 urbi
459 659 643 690 Latinarum
664 669 757 690 causa
776 660 923 691 relic-tum
944 662 1089 691 senatum
1102 669 1114 692 1

77 703 193 734 habere
218 714 310 744 posse
334 702 467 734 Iunius
492 706 545 743 (fr.
562 707 601 734 10
616 704 657 734 H.
673 707 701 735 et
714 704 786 744 Br.)
810 706 914 745 negat,
938 705 1089 745 quoniam

76 759 116 779 ne
152 750 279 778 senator
311 748 439 788 quidem
474 749 514 779 sit
547 759 649 788 neque
683 749 731 779 ius
765 748 881 779 habeat
914 749 1089 780 sententiae

78 792 241 832 dicendae,
270 803 341 823 cum
372 803 408 823 ex
434 803 469 823 ea
494 795 596 823 aetate
620 793 798 833 praefectus
823 793 891 832 fiat,
921 803 1001 833 quae
1025 804 1090 824 non

38 849 61 868 15
78 837 120 867 sit
148 837 314 867 senatoria
362 836 402 867 Μ.
432 840 538 868 autem
563 836 683 868 Varro
712 837 746 868 in
769 836 841 868 ΠΗ.
868 838 1115 878 epistolica-2

77 892 155 911 rum
177 881 443 921 quaestionum
461 884 579 920 (11196
594 881 683 921 Rip.)
703 883 734 912 et
748 881 882 913 Ateius
900 881 1036 923 Capito
1056 883 1091 913 in

78 926 412 956 coniectaneorum
432 925 534 956 VIIH.
555 927 609 965 (fr.
625 925 698 957 411.
713 926 822 961 etBr.)
846 926 894 957 ius
915 937 982 957 esse
1002 938 1089 967 prae-

77 970 160 1000 fecto
190 972 317 1000 senatus
345 970 483 1001 habendi
512 970 634 1006 dicunt:
666 970 766 1011 deque
795 981 830 1001 ea
858 982 892 1002 re
920 971 1089 1002 adsensum

77 1025 145 1045 esse
175 1014 310 1055 Capito
339 1014 598 1054 <Varro>nem
623 1014 815 1046 Tuberoni
841 1016 893 1055 (de
916 1016 966 1055 off.
987 1026 1047 1047 sen.
1067 1018 1090 1047 2

39 1071 64 1090 20
80 1058 149 1098 Br.)
179 1061 289 1090 contra
313 1060 503 1090 sententiam
528 1058 629 1090 Iunii
653 1059 762 1090 refert:
790 1059 883 1090 Nam
909 1062 944 1091 et
968 1060 1089 1091 tribu-

78 1103 136 1134 nis
157 1103 261 1143 inquit
281 1103 405 1144 plebis
425 1106 580 1134 senatus
597 1103 761 1134 habendi
776 1104 834 1135 ius
849 1106 942 1144 erat,
963 1115 1088 1144 quam-

79 1158 187 1187 quam
216 1150 413 1179 senatores
441 1159 515 1179 non
543 1150 670 1179 essent
698 1150 784 1179 ante
808 1148 980 1179 Atinium
1010 1149 1088 1190 ple—

79 1191 267 1222 biscitum.

149 1292 164 1314 4
184 1288 226 1314 his
247 1289 307 1316 en
322 1290 324 1321 Ι
341 1296 391 1322 per
411 1288 560 1314 elationem
580 1297 598 1322 γ
621 1296 671 1322 per
690 1288 823 1314 lationem
844 1289 866 1315 d
885 1298 952 1315 corr.
971 1289 1004 1314 Οἳ
1027 1297 1088 1322 per-

78 1323 182 1350 latione
202 1333 221 1350 s.
240 1324 436 1357 perrogatione
456 1325 536 1349 Mms.
557 1332 607 1357 per
625 1324 798 1357 rogationem
820 1325 911 1350 Vassis
929 1326 938 1357 U
959 1328 991 1350 10
1013 1333 1087 1351 crea-

78 1360 134 1394 tus]
154 1359 267 1385 relictus
287 1360 360 1385 Lion
375 1361 383 1392 ΙΙ
400 1363 430 1384 12
451 1359 555 1385 Mutius
575 1368 590 1385 σ
604 1361 613 1392 ΙΙ
629 1363 660 1385 15
680 1359 709 1384 in
723 1368 772 1385 om.
788 1362 805 1384 Z
820 1362 829 1393 Η
846 1363 876 1385 17
898 1361 938 1386 cd.
956 1363 1016 1392 124,
1032 1363 1065 1386 31
1079 1360 1089 1395 ss

80 1398 112 1420 19
136 1394 234 1428 Capito
259 1395 411 1421 Varronem
434 1396 518 1421 Hertz
542 1395 701 1428 capitonem
721 1406 741 1421 ω
766 1395 824 1420 ads,
845 1403 904 1421 esse
925 1396 997 1431 (se)
1018 1396 1086 1429 (ads.

80 1439 138 1456 sese
154 1431 234 1463 Boot)
255 1430 353 1464 Capito
374 1430 514 1456 Tuberoni
534 1431 681 1465 Wesseliny
696 1431 704 1463 ΙΙ
719 1433 752 1456 20
772 1431 899 1457 tribunus
919 1433 971 1465 (-os
988 1433 1018 1465 0.)
1037 1433 1059 1457 δ
1064 1434 1088 1457 X
