1266 1902
121 70 163 101 36
556 69 605 95 ΧΠ
625 72 653 102 4;
673 73 687 95 5

95 151 154 182 5L.
178 150 328 182 Aelium
354 150 539 181 Stilonem
567 150 608 190 (ᾖ).
628 152 678 190 37,
697 152 740 181 24
756 150 834 189 Me.)
863 151 964 181 dicere
993 151 1122 181 solitum

120 195 226 226 ferunt
263 194 296 232 Q.
333 195 493 225 Ennium
531 194 569 225 de
606 196 704 225 semet
740 195 810 235 ipso
847 195 924 225 haec
961 195 1123 235 scripsisse

89 237 92 240 ⁴
121 240 340 280 picturamque
369 239 461 269 istam
486 249 610 269 morum
635 240 665 269 et
689 239 808 280 ingenii
832 239 930 279 ipsius
955 238 989 276 Q.
1009 238 1123 269 Ennii

120 284 236 314 factam
261 294 335 313 esse.

610 362 639 392 V
1153 374 1164 393 5

122 423 214 448 Sermo
230 422 314 447 Tauri
329 422 488 455 philosophi
504 423 537 448 de
552 422 633 448 modo
649 424 733 455 atque
747 423 854 449 ratione
870 422 1007 449 tolerandi
1022 423 1124 448 doloris

157 458 307 484 secundum
327 457 480 483 Stoicorum
501 458 619 484 decreta.

97 531 109 553 1
189 520 267 552 Cum
287 520 429 561 Delphos
449 521 489 552 ad
503 521 619 561 Pythia
638 524 891 562 conventumque
910 522 1008 553 totius
1028 521 1125 552 ferme

123 565 272 596 Graeciae
304 565 469 596 visendum
502 565 712 606 philosophus
741 566 884 597 Taurus
918 566 977 597 iret
1004 577 1126 606 nosque

122 610 150 640 ei
179 610 310 640 comites
339 621 477 640 essemus
506 610 601 649 inque
630 621 666 641 eo
695 610 806 641 itinere
830 610 1000 641 Lebadiam
1026 610 1126 641 venis-
1141 622 1166 641 ιο

123 665 240 693 semus,
274 654 358 694 quod
391 656 438 684 est
467 654 617 694 oppidum
647 655 785 685 anticum
815 655 848 685 in
875 657 957 685 terra
986 653 1126 693 Boeotia,

122 698 263 729 adfertur
304 698 348 728 ibi
386 699 425 728 ad
461 697 621 729 Taurum
659 699 795 729 amicum
833 699 899 729 eius
937 699 1126 738 quempiam,

122 742 263 773 nobilem
287 742 321 772 in
345 741 451 773 Stoica
475 743 642 783 disciplina
666 742 906 783 philosophum,
934 753 1027 783 aegra
1051 743 1126 773 vali-

97 787 232 818 etudine
268 797 453 827 oppressum
488 787 682 817 decumbere.
737 786 825 817 Tunc
859 787 974 817 omisso
1007 787 1126 826 itinere,

124 831 208 871 quod
236 831 379 870 alioquin
407 831 629 861 maturandum
658 833 736 871 erat,
769 833 800 862 et
827 831 944 861 relictis
973 831 1125 861 vehiculis
1140 844 1163 863 15

123 875 228 915 pergit
252 886 323 905 eum
348 886 481 915 propere
505 875 623 915 videre,
647 886 767 915 nosque
792 876 828 906 de
853 886 952 916 more,
976 886 1069 915 quem
1094 875 1127 905 in

123 920 229 950 locum
259 929 394 959 cumque
422 919 494 959 iret,
523 920 622 950 secuti
651 930 766 950 sumus.
813 919 855 950 Et
882 919 937 950 ubi
965 919 1004 950 ad
1027 919 1127 959 aedes,

124 963 157 994 in
181 963 251 1003 quis
276 964 329 993 ille
353 966 501 1004 aegrotus
526 966 601 1003 erat,
625 964 834 1004 pervenimus,
862 964 1003 994 videmus
1027 963 1127 994 homi-

124 1018 197 1038 nem
222 1007 385 1038 doloribus
410 1007 665 1047 cruciatibusque
688 1008 764 1047 alvi,
788 1008 872 1048 quod
897 1006 1006 1038 Graeci
1029 1009 1127 1039 κόλον

125 1052 247 1091 dicunt,
276 1053 307 1082 et
334 1051 415 1082 febri
439 1052 534 1082 simul
557 1052 666 1092 rapida
690 1052 843 1082 adflictari
867 1052 1066 1093 gemitusque
1090 1063 1127 1082 ex
1142 1065 1166 1083 πο

125 1106 161 1126 eo
200 1105 385 1136 conpressos
422 1107 585 1136 erumpere
623 1096 814 1136 spiritusque
851 1098 882 1126 et
918 1095 1075 1126 anhelitus
1111 1107 1126 1126 e

125 1142 251 1180 pectore
287 1140 354 1170 eius
387 1140 517 1170 evadere
549 1151 613 1170 non
646 1139 786 1170 dolorem
820 1140 920 1181 magis
953 1140 1126 1171 indicantes

126 1195 221 1224 quam
245 1195 385 1225 pugnam
409 1184 575 1215 adversum
600 1184 749 1215 dolorem.

98 1236 114 1259 3
191 1227 267 1258 Post
295 1229 419 1268 deinde,
451 1239 521 1259 cum
550 1228 693 1259 Taurus
721 1230 752 1259 et
780 1229 917 1259 medicos
946 1228 1127 1259 accersisset

126 1273 374 1312 conlocutusque
399 1273 435 1303 de
459 1273 602 1303 facienda
626 1273 747 1303 medela
770 1275 851 1303 esset
875 1275 906 1303 et
929 1283 1000 1303 eum
1022 1273 1126 1312 ipsum
1142 1286 1166 1303 25

125 1316 165 1347 ad
188 1316 383 1347 retinendam
407 1317 593 1357 patientiam
612 1317 794 1347 testimonio
815 1317 1008 1355 tolerantiae,
1032 1328 1126 1356 quam

125 1360 265 1400 videbat,
294 1361 453 1401 perhibito
482 1361 654 1392 stabilisset
682 1361 860 1402 egressique
885 1360 956 1391 inde
980 1361 1019 1391 ad
1043 1360 1127 1391 vehi-

126 1405 196 1434 cula
225 1407 256 1435 et
284 1405 322 1435 ad
351 1405 481 1435 comites
510 1405 695 1436 rediremus:
730 1405 875 1435 ‘vidistis'
904 1405 1007 1444 inquit
1035 1404 1127 1435 Tau-

125 1459 187 1478 rus
226 1449 301 1479 ‘non
334 1460 407 1480 sane
440 1449 611 1480 iucundum
645 1449 872 1490 spectaculum,
910 1449 963 1479 sed
998 1449 1127 1490 cognitu

125 1494 232 1523 tamen
265 1493 356 1533 utile,
388 1494 626 1534 congredientes
658 1495 959 1534 conpugnantesque
990 1493 1128 1533 philoso-
1142 1505 1167 1523 :30

197 1590 230 1613 20
250 1588 336 1613 xvni
354 1591 393 1621 10,
410 1592 424 1613 2
444 1588 492 1613 xx
510 1592 532 1621 1,
548 1591 580 1613 ρο
601 1589 688 1614 Amm.
706 1588 792 1614 mvi
808 1591 830 1620 4,
847 1592 861 1613 4

199 1679 265 1701 1—4
285 1684 333 1702 orm.
354 1679 377 1701 X
395 1678 403 1709 ΙΙ
425 1679 454 1701 11
480 1677 597 1702 atticum
615 1685 634 1710 y
652 1678 660 1709 ΙΙ
682 1680 712 1702 16
736 1677 823 1702 visere
846 1677 964 1711 Thysius
982 1678 991 1709 Η
1011 1678 1041 1701 17
1066 1676 1126 1707 iret,

127 1710 296 1772 <sectandi13
316 1720 367 1738 sec.
388 1712 511 1738 Eussner
530 1713 538 1745 Η
558 1715 589 1737 21
615 1712 770 1745 complexos
790 1720 830 1745 (os
850 1720 882 1738 ew
900 1713 942 1745 us)
961 1714 983 1736 N
1001 1712 1010 1744 ΙΙ
1029 1714 1061 1737 28
1081 1719 1128 1737 ue-

128 1754 248 1772 mremus
