1266 1902
181 41 246 72 320

217 121 251 148 de
273 121 419 147 consulatu
439 130 487 147 suo
507 121 544 147 IV
565 124 605 153 17,
626 124 657 146 15

217 157 250 183 de
278 157 372 182 decem
396 156 568 188 hominibus,
597 165 658 181 cum

234 192 383 217 Thermum
421 192 562 217 accusavit
596 191 659 217 XIII

235 231 276 258 25,
294 231 324 252 12

217 264 251 288 de
271 263 335 288 dote
354 262 379 288 X
394 265 426 288 23

217 299 251 324 de
266 298 344 323 falsis
359 298 460 331 pugnis
476 298 499 323 X
515 301 539 330 3,
556 301 587 323 15
599 307 657 331 sqq.

217 334 251 359 de
270 342 300 359 rc
318 333 411 359 Floria
430 333 467 358 IX
488 337 528 365 12,
549 337 562 359 7
575 342 613 366 sq.
634 333 657 358 X

237 372 277 401 13,
294 372 308 394 2

216 405 246 430 in
274 404 309 429 M.
334 404 462 430 Fulvium
486 404 658 430 Nobiliorem

235 440 259 465 V
275 443 298 471 ὃ,
315 443 347 465 24
358 449 416 473 sqq.

217 477 313 501 contra
332 475 445 501 Furium
464 475 487 500 X
504 478 545 506 24,
563 478 594 500 10

217 511 251 536 de
273 511 433 536 innocentia
453 518 502 536 sua
522 512 554 544 (5³)
574 510 623 535 XX
643 514 657 535 9

235 546 325 572 lemm⁴

217 582 251 607 de
271 581 420 611 Lusitanis,
440 590 502 606 cum
522 581 577 606 Ser.
594 580 657 606 Gal-

235 617 299 642 bam
314 617 456 642 accusavit
471 617 482 642 I
495 620 534 648 12,
549 620 579 641 17
596 616 658 641 XIII

236 656 277 684 25,
295 656 325 678 15

217 688 253 713 ad
272 687 375 713 milites
395 689 491 713 contra
511 687 630 712 Galbam
647 687 659 712 I

236 726 277 755 23,
295 727 307 749 1
320 732 358 756 sq.

216 767 250 784 ne
270 759 417 792 imperium
437 759 473 783 sit
492 758 590 789 veteri,
610 758 658 783 ubi

235 803 319 820 novus
339 794 446 820 venerit
464 794 513 819 XX
529 797 552 825 2,
571 797 581 818 1

217 830 292 863 apud
317 838 441 855 censores
464 829 492 854 in
512 828 659 855 Lentulum

216 900 385 926 Numantiae
397 900 471 934 apud
480 900 588 933 equites
597 899 659 924 XVI

238 939 260 967 1,
276 939 291 960 3
303 945 341 968 sq.

217 971 251 996 de
284 971 388 1004 praeda
420 970 557 996 militibus
589 970 658 996 divi-

235 1006 327 1032 denda
346 1007 383 1031 XI
400 1009 440 1038 18,
458 1009 488 1031 18

217 1042 251 1067 de
276 1042 435 1067 Ptolomaeo
460 1042 555 1067 contra
575 1041 659 1067 Ther-

235 1086 310 1102 mum
326 1077 414 1103 XVIII
426 1080 449 1108 9,
463 1080 488 1107 13
501 1081 514 1102 5
531 1076 579 1102 XX
592 1080 632 1108 11,
644 1079 658 1101 5

216 1122 266 1146 pro
282 1112 467 1138 Rodiensibus
483 1112 519 1137 VI
534 1116 558 1143 3,
574 1115 587 1137 7
600 1121 658 1145 sqq.

235 1148 298 1173 XIII
313 1151 354 1179 ⁴25,
372 1151 402 1173 13
415 1157 452 1180 sq.

217 1183 544 1209 dcsacrificiocommisso
552 1183 588 1208 VI
596 1185 658 1214 2223

237 1232 267 1240 z
278 1220 304 1244 in
317 1219 344 1244 L.
353 1218 499 1244 Veturium
507 1218 582 1243 XVII
593 1221 616 1249 2,
626 1221 658 1244 20

217 1263 267 1288 pro
287 1262 315 1279 se
336 1256 431 1279 contra
452 1253 478 1279 C.
496 1253 619 1279 Cassium
635 1254 659 1278 X

238 1293 277 1321 14,
294 1292 308 1314 3

219 1325 241 1350 si
266 1333 294 1350 se
314 1324 424 1350 Caelius
448 1326 480 1350 tr.
506 1324 542 1357 pl.
563 1324 657 1357 appel-

236 1360 321 1386 lasset
340 1360 352 1385 Ι
369 1363 409 1391 15,
425 1363 439 1385 8
451 1369 509 1392 sqq.

218 1396 252 1421 de
285 1396 341 1421 suis
374 1395 523 1420 virtutibus
552 1396 659 1427 (contra

236 1431 394 1465 Thermum)
414 1431 476 1456 XVI
493 1434 533 1462 14,
549 1434 563 1455 2

219 1467 315 1492 contra
325 1466 466 1492 Tiberium
478 1465 585 1491 exulem
592 1466 617 1490 II
627 1468 659 1490 14

218 1511 267 1535 pro
300 1502 328 1527 L,
362 1501 445 1526 Turio
483 1502 579 1526 contra
612 1500 658 1526 Cn.

237 1537 357 1562 Gellium
376 1536 439 1562 XIV
454 1540 477 1568 2,
494 1540 539 1567 21;
556 1539 587 1561 26

219 1572 247 1597 in
263 1572 290 1597 L.
307 1572 452 1598 Veturium
467 1572 509 1597 vd.
526 1572 559 1597 de
576 1571 660 1597 sacri-

237 1607 297 1633 ficio
318 1608 463 1633 commisso

256 1679 280 1706 ll
298 1678 413 1703 Publilii
441 1662 503 1711 Syri
536 1678 612 1703 mimi
645 1678 800 1703 sententiae
832 1686 885 1703 rec.
915 1677 1045 1711 GMeyer,
1078 1677 1189 1710 Lipsiae
1224 1687 1225 1690 ¹

185 1716 252 1739 1880
272 1713 336 1747 111).

518 41 632 67 INDEX
650 41 850 68 AVCTORVM

731 129 785 154 qua
808 122 960 147 Voconiam
985 122 1076 156 legem
1099 121 1188 148 suasit

749 156 786 181 VI
802 159 842 188 13,
858 160 872 182 3
893 157 968 183 XVII
983 161 1007 189 6,
1025 161 1036 183 1
1050 166 1108 190 sqq.

731 191 765 217 de
784 200 812 217 re
831 192 946 218 militari
965 193 1003 218 VI
1017 196 1041 224 4,
1057 196 1072 218 5

731 227 764 253 de
779 235 807 252 re
822 229 888 253 rust.
902 228 951 254 13:
967 229 991 254 X
1002 232 1043 260 26,
1055 231 1083 259 8;
1098 228 1141 255 vd.
1153 228 1187 253 de

748 263 875 296 agricult.

713 297 747 323 M.
767 298 906 324 Porcius
930 298 965 324 M.
990 299 1008 324 f.
1029 298 1109 324 Cato
1133 298 1188 333 (Li-

730 333 866 367 cinianus)

731 369 764 394 dc
788 369 855 395 iuris
874 369 1023 402 disciplina
1042 369 1107 394 libri
1126 369 1189 394 XHI

749 406 790 436 20,
806 408 820 429 ⁴.)

713 439 748 464 M.
763 439 902 466 Porcius
918 439 998 465 Cato
1014 440 1124 473 Nepos
1144 440 1187 465 vd.

748 475 804 500 ind.
820 484 891 501 nom.

731 511 885 536 oratt.X1H
897 513 1021 542 20,1;4;
1039 513 1187 542 10312316

712 545 850 572 Porcius
878 546 1016 571 Licinus
1046 545 1121 571 XVII
1146 549 1188 578 21,

730 584 763 606 45
782 581 845 607 XIX
860 584 945 613 9,10;
963 584 994 606 13

711 616 917 650 Posidippus
936 617 961 642 H
977 620 1018 648 23,
1035 620 1048 642 1

712 652 743 677 A.
759 652 951 678 Postumius
966 652 1110 678 Albinus
1125 652 1187 677 XIS

730 688 862 713 historiae
882 687 1019 721 principio
1039 687 1076 712 XI
1091 690 1115 719 8,
1130 691 1145 712 3

712 723 903 748 Postumius
922 723 1042 748 Festus
1060 723 1122 748 XIX
1138 725 1170 748 13

714 758 916 792 Protagoras
937 759 979 783 vd.
995 759 1051 783 ind.
1066 767 1139 784 nom.

713 793 913 827 Publilius¹)
932 793 1008 819 XVII
1024 796 1055 819 14

713 829 815 862 Pyrro
834 829 870 854 XI
886 833 909 861 5,
926 832 941 854 4

714 864 923 898 Pythagoras
943 864 986 890 vd.
1002 864 1058 889 ind.
1074 873 1145 890 nom.

713 900 920 934 Pythagorei
940 908 996 925 aur.
1013 899 1086 925 verb.
1102 909 1125 925 v,
1143 902 1187 925 54:

732 935 781 961 VH
796 939 819 967 ⁶2,
839 939 870 961 12

713 1019 742 1044 T.
764 1019 940 1051 Quinctius
962 1019 1041 1044 Atta

732 1055 759 1079 in
779 1054 916 1080 Aedilicia
936 1054 973 1080 VI
987 1058 1011 1086 9,
1029 1057 1060 1079 10

731 1090 760 1115 in
780 1089 974 1115 Conciliatrice
993 1089 1030 1115 VI
1045 1092 1069 1122 9,
1084 1093 1099 1115 8

714 1174 764 1207 (P.)
788 1174 937 1200 Rutilius
961 1173 1071 1207 (Rufus)
1090 1173 1127 1199 VI
1147 1176 1188 1206 14,
1234 1176 1235 1181 ’

734 1212 776 1241 10,
798 1209 845 1234 cfr.
861 1209 898 1234 IV
914 1212 936 1241 1,
953 1212 985 1234 22

714 1289 857 1316 Sabinus
877 1289 1000 1314 medicus
1019 1288 1056 1313 ΠΙ
1072 1291 1113 1320 16,
1128 1291 1143 1314 8

714 1324 740 1350 (“.
753 1324 939 1350 Sallustius
955 1324 1092 1357 Crispus
1107 1323 1132 1349 X
1147 1326 1188 1356 21,

732 1363 758 1390 2,
779 1360 826 1385 cfr.
842 1360 898 1384 ind.
914 1368 984 1385 nom.

730 1396 759 1420 in
779 1394 900 1420 Catilina
919 1404 940 1420 c.
958 1398 981 1427 3,
997 1398 1024 1420 2;
1044 1394 1081 1420 IV
1097 1397 1129 1420 15

749 1434 773 1462 5,
789 1433 816 1455 4:
837 1430 904 1461 115,
922 1433 953 1456 18

750 1468 773 1496 7,
789 1469 816 1491 5:
836 1465 871 1490 IX
889 1469 929 1497 12,
945 1468 959 1491 9

751 1504 790 1533 11,
807 1504 834 1526 3:
854 1501 890 1526 III
908 1505 919 1526 l

750 1537 803 1570 [23,
822 1540 846 1561 l:
867 1536 891 1561 Π
908 1539 948 1567 17,
965 1539 978 1561 τ
998 1535 1035 1561 IV
1052 1539 1092 1567 17,
1108 1535 1134 1569 6]

750 1575 791 1603 23,
808 1575 834 1597 3;
856 1572 949 1604 V117,
965 1574 978 1596 7
991 1580 1043 1604 sq.;
1060 1574 1091 1597 11

750 1610 791 1638 33,
808 1610 834 1632 2:
854 1607 878 1632 X
895 1610 935 1638 21,
952 1610 966 1632 2
985 1607 1035 1632 XX
1050 1610 1074 1639 6,
1091 1610 1123 1632 14

1261 1373 1264 1391 l

1231 1624 1233 1627 “
1261 1623 1266 1639 l*

1232 1748 1234 1752 ‚
1260 1729 1265 1745 ξ
