1266 1902
167 92 205 123 16
489 84 491 86 ’
586 93 622 118 XI
644 96 687 123 13;
709 96 740 118 14

164 175 274 214 stulat,
302 174 455 204 dicuntur.
507 173 590 204 Nam
620 174 675 213 qui
703 174 746 204 ita
775 174 862 204 dicit:
893 174 930 204 ‘si
958 174 1019 206 hoc
1047 175 1166 216 feceris,

163 219 276 259 cupide
295 218 406 248 fecisse
426 218 559 257 diceris',
580 229 646 248 rem
667 217 744 248 dicit
763 229 872 248 sensus
892 219 1024 250 alicuius
1044 220 1166 250 ratione

164 263 337 293 conlectam
362 264 393 292 et
417 264 608 301 oonsertam3
633 262 688 302 qui
711 272 785 292 vero
810 262 853 292 ita
877 262 965 293 dicit:
991 263 1029 294 ‘si
1053 264 1166 304 cupide

163 307 287 346 feceris⁷
316 306 427 346 cupide
456 306 567 337 fecisse
596 305 729 346 diceris’,
759 317 823 337 non
851 307 945 347 longe
970 317 1057 338 secus
1083 308 1166 347 dicit,

163 353 258 391 atque
291 351 317 381 si
350 351 479 381 diceret:
518 351 555 381 ‘si
589 351 701 391 cupide
733 351 857 390 feceris,
890 351 1002 391 cupide
1034 352 1165 383 feceris’.
1194 365 1205 384 5

121 405 151 428 10
164 395 249 425 Haec
273 395 342 436 ego’
370 395 472 435 inquit
498 395 672 435 ‘admonui,
695 405 760 425 non
782 396 818 425 ut
843 394 873 425 C.
895 393 1062 427 Graccho
1087 397 1164 427 vitio

163 439 268 470 darem
297 457 332 460 —
362 438 405 469 dii
434 439 517 469 enim
547 441 684 470 mentem
713 439 874 469 meliorem
904 439 995 470 mihi!
1023 451 1110 480 nam,
1139 441 1165 471 si

163 484 333 524 quicquam
357 483 390 514 in
414 485 479 514 tam
502 483 594 514 fortis
618 483 782 514 facundiae
806 483 874 513 viro
894 483 963 514 vitii
982 483 1032 514 vel
1051 485 1164 515 erroris

163 538 229 558 esse
259 527 319 558 dici
347 530 465 567 potest,
494 528 526 558 id
555 538 647 558 omne
676 529 707 558 et
732 528 903 558 auctoritas
927 527 994 558 eius
1019 527 1165 559 exhausit

162 574 193 602 et
221 574 360 602 vetustas
389 572 587 612 consumpsit
614 590 662 610 —,
692 571 746 602 sed
773 572 821 602 uti
849 572 1013 611 caveretis,
1040 583 1080 603 ne
1108 583 1164 604 vos
1180 586 1204 605 ιο

162 616 253 647 facile
282 617 527 657 praestringeret
555 616 734 646 modulatus
760 616 858 656 aliqui
882 616 1035 647 currentis
1058 617 1165 647 facun-

162 661 230 691 diae
261 661 383 691 sonitus
412 663 506 700 atque
534 663 570 691 ut
598 660 661 690 vim
690 660 790 700 ipsam
819 671 923 690 rerum
952 661 1165 701 virtutemque

161 705 328 735 verborum
354 705 440 745 prius
465 704 665 745 pensitaretis
689 706 728 744 et,
753 704 779 734 si
799 704 925 744 quidem
946 705 1049 745 gravis
1069 707 1164 745 atque

161 749 283 790 integra
308 751 338 779 et
362 749 483 779 sincera
508 749 664 779 sententia
683 749 846 787 diceretur,
870 750 947 788 tum,
972 749 997 779 si
1017 749 1061 779 ita
1080 749 1163 780 vide-

160 795 259 832 retur,
297 793 456 834 gressibus
494 804 620 833 quoque
657 793 733 833 ipsis
772 793 922 823 orationis
958 795 989 823 et
1022 793 1163 834 gestibus
1179 806 1202 825 15

162 838 366 878 plauderetis,
394 838 420 868 si
449 848 522 867 vero
551 837 658 878 frigidi
686 839 717 867 et
744 837 827 867 leves
854 839 885 867 et
908 837 1029 868 futtiles
1054 848 1163 868 sensus

161 882 194 912 in
222 881 317 912 verba
345 884 418 922 apte
446 892 674 922 numeroseque
698 881 801 921 posita
824 881 1071 921 includerentur,
1099 892 1164 912 non

161 937 228 957 esse
259 926 289 956 id
319 936 407 956 secus
437 926 617 965 crederetis,
650 936 744 965 quam
773 936 844 955 cum
873 925 1016 956 homines
1046 926 1163 967 insigni

161 970 360 1000 deformitate
389 980 424 1001 ac
455 970 532 1000 facie
556 969 726 1000 deridicula
750 969 915 1000 imitantur
939 970 1107 1001 histriones
1132 972 1163 1001 et

161 1015 308 1056 gestiunt.
1177 1027 1201 1045 ·2o

624 1075 699 1107 XIV

161 1138 256 1162 Sobria
277 1139 303 1162 et
322 1137 507 1170 pulcherrima
523 1137 632 1163 Romuli
652 1137 724 1170 regis
743 1136 884 1170 responsio
905 1136 977 1162 circa
997 1136 1054 1162 vini
1073 1145 1159 1161 usum.

135 1209 145 1231 1
227 1200 468 1240 Simplicissima
493 1201 646 1231 suavitate
671 1202 701 1231 et
725 1200 769 1231 rei
793 1202 824 1230 et
849 1200 998 1230 orationis
1020 1199 1054 1230 L.
1074 1199 1160 1230 Piso

159 1244 273 1285 Frugi
307 1256 381 1275 usus
410 1247 456 1275 est
485 1245 517 1275 in
545 1245 663 1285 primo
693 1244 833 1283 annali,
866 1254 936 1274 cum
966 1244 1003 1274 de
1031 1243 1160 1274 Romuli

133 1289 242 1329 ‘gregis
280 1290 344 1319 vita
382 1291 476 1329 atque
513 1289 597 1319 victu
636 1289 792 1319 scriberet.
853 1288 899 1318 Ea
940 1287 1042 1327 verba,
1080 1298 1160 1327 quae
1175 1300 1199 1319 -25

160 1333 297 1373 scripsit,
331 1333 407 1363 haec
440 1335 513 1363 sunt
546 1334 598 1372 (fr.
624 1335 644 1363 8
664 1332 728 1372 P.s):
761 1332 927 1362 Eundem
961 1331 1158 1362 Romulum

159 1377 290 1407 dicunt
318 1377 361 1407 ad
390 1388 515 1408 cenam
544 1379 716 1408 vocatum
746 1376 797 1407 ibi
826 1387 899 1407 11011
922 1376 1080 1406 multum
1105 1376 1158 1406 bi-

229 1475 242 1496 6
268 1472 346 1501 (Νο11,
364 1473 375 1497 Ι
395 1481 419 1505 p.
440 1475 480 1504 39,
498 1476 528 1498 19
550 1473 663 1498 ‘lectum
683 1473 724 1498 est
743 1473 835 1497 autem
855 1473 882 1497 et
903 1472 1011 1496 ‘vitium
1032 1471 1107 1497 dare’
1130 1493 1134 1496 .
1152 1493 1156 1497 .

158 1508 205 1533 sed
225 1508 274 1533 hoc
295 1508 322 1533 in
343 1508 464 1533 incertae
484 1508 657 1533 auctoritatis
677 1508 857 1541 scriptoribus
877 1507 1037 1539 invenitur⁷)

228 1599 242 1621 3
257 1596 421 1629 consertam]
434 1598 453 1623 Q
464 1598 619 1621 consectam
629 1598 646 1620 Z
658 1596 811 1621 confectam
822 1606 841 1620 ω
856 1598 864 1628 ΙΙ
880 1599 893 1621 6
905 1596 1004 1621 uitium
1016 1604 1031 1623 ς
1042 1595 1135 1627 (Non.)
1149 1594 1157 1627 :Q

160 1633 190 1656 10
211 1632 346 1656 consumit
361 1634 377 1655 Z
397 1633 405 1663 11
426 1634 454 1656 11
476 1631 674 1665 perstringeret
689 1632 764 1665 ΒΠΙ
783 1631 883 1664 aliquis
899 1631 957 1659 Q0²
976 1632 983 1663 11
1005 1633 1035 1656 12
1055 1630 1111 1655 111111
1128 1630 1155 1655 111

157 1666 228 1699 1011))
244 1669 262 1691 B
281 1669 283 1698 J
301 1667 408 1699 iparum
424 1669 440 1690 Z
464 1668 471 1699 11
498 1670 527 1691 13
548 1667 687 1699 pensitare
703 1669 722 1694 Q
742 1667 794 1692 -ita
809 1669 827 1691 B
849 1668 856 1698 11
881 1670 911 1692 14
932 1667 1021 1691 dicere
1037 1666 1059 1691 d
1075 1666 1077 1698 Ι
1096 1673 1157 1690 011111

157 1702 179 1726 51
199 1702 216 1726 i.
238 1702 348 1727 uidetur
368 1702 492 1727 sensibus
509 1704 533 1726 X
552 1704 559 1733 11
582 1705 611 1727 15
632 1702 746 1727 oratoris
764 1703 885 1727 Eussner
899 1704 907 1733 11
924 1704 954 1726 19
975 1701 1010 1727 ad
1029 1700 1156 1726 facienda

156 1737 273 1762 ridicula
297 1747 316 1762 ω
341 1745 406 1762 corr.
429 1746 476 1770 my.
497 1737 552 1762 cod.
579 1738 658 1771 Thys.
687 1739 695 1769 ΙΙ
724 1740 755 1762 22
780 1738 873 1763 lemma
898 1746 945 1762 om.
969 1747 989 1761 ω
1013 1736 1074 1761 add.
1095 1735 1131 1760 ΝΞ
1149 1737 1157 1770 Η

158 1775 189 1797 *24
210 1772 243 1797 de
263 1781 311 1797 om.
329 1772 425 1797 0¹11x
440 1774 448 1804 1(
464 1775 495 1797 25
516 1772 603 1797 uitam
624 1780 646 1798 a⁴
667 1773 772 1797 uictum
789 1773 821 1797 11
839 1773 929 1798 uictus
944 1771 981 1796 Χ2
