1266 1902
127 68 170 99 42
564 70 697 103 XH738

128 161 166 181 ex
190 151 257 180 viro
282 151 386 191 priore
411 151 567 192 genitum,
595 151 827 182 adulescentem
853 152 1009 192 optimum
1034 154 1064 182 et
1088 152 1133 183 'm-

88 216 92 220 -
129 195 402 234 nocentissimum,
436 197 601 235 exceptum
635 195 757 226 insidiis
789 195 984 227 occidissent.
1035 195 1133 236 quue

102 239 171 269 3ita
200 250 266 269 esse
295 239 413 269 factum
443 239 657 270 controversia
685 250 750 270 non
777 241 851 270 erat.
897 239 1064 271 Dolabella
1087 251 1133 271 re<

100 283 202 313 4tulit
230 283 269 313 ad
298 283 474 313 consilium.
520 282 623 314 Nemo
653 283 819 324 quisquam
847 295 885 314 ex
909 284 1040 315 consilio
1066 295 1132 315 sen<

127 327 259 357 tentiam
288 327 369 358 ferre
398 328 431 357 in
455 337 548 358 causa
572 330 637 358 tam
662 328 792 368 ancipiti
817 327 965 368 audebat,
993 329 1077 368 quod
1102 331 1132 359 et

127 371 306 402 confessum
344 372 545 411 veneficium,
583 382 646 412 quo
683 372 815 402 maritus
851 374 881 403 et
913 372 997 403 filius
1029 373 1133 403 necati

126 416 239 455 forent,
263 426 327 446 non
351 415 581 446 admittendum
601 416 782 456 inpunitum
803 416 969 447 videbatur
988 418 1018 447 et
1037 417 1132 458 digna

126 462 233 490 tamen
257 470 358 500 poena
383 461 416 491 in
439 460 584 491 homines
608 461 775 491 sceleratos
799 460 993 491 vindicatum
1012 461 1131 492 fuisset.

100 503 293 534 5Dolabella
331 515 399 535 eam
437 515 502 535 rem
535 503 677 535 Athenas
714 505 752 535 ad
785 503 989 546 Ariopagitas
1026 507 1061 535 ut
1093 505 1132 535 ad

100 548 244 579 6iudices
270 549 429 589 graviores
452 549 748 588 exercitatioresque
768 549 883 579 reiecit,
925 547 1132 590 Ariopagitae

126 593 254 633 cognita
288 603 381 623 causa
414 595 628 623 accusatorem
662 593 803 623 mulieris
836 595 867 624 et
899 593 1014 633 ipsam,
1052 604 1132 633 quae

101 637 345 676 vaccusabatur,
383 637 554 668 centesimo
592 648 674 667 anno
711 637 818 668 adesse
855 637 1022 668 iusserunt.
1079 636 1132 668 Sic

125 692 227 721 neque
260 681 442 712 absolutum
477 681 618 712 mulieris
651 681 838 712 veneficium
871 683 930 721 est,
963 681 1048 721 quod
1076 692 1132 722 per

124 725 211 766 leges
244 736 308 756 non
340 725 443 765 licuit,
476 736 577 766 neque
610 736 727 756 nocens
756 725 903 756 damnata
931 726 1131 766 poenitaque,

99 776 206 809 Squae
244 769 339 811 digna
376 771 467 800 venia
504 770 573 800 fuit.
630 769 753 810 Scripta
791 769 868 800 haec
902 769 1065 800 historiast
1098 770 1132 800 in

125 813 224 844 libro
245 813 391 844 Valerii
411 814 564 844 Maximi
588 814 775 845 factorum
798 816 834 844 et
853 814 1039 844 dictorum
1058 824 1129 845 me-

125 858 368 888 morabilium
393 869 491 889 nono
517 858 657 897 (VIIII
674 858 751 889 amb.
767 860 812 891 2).

590 945 667 977 VIII

153 1006 316 1033 Reditiones
336 1007 364 1033 in
383 1007 505 1040 gratiam
524 1007 659 1032 nobilium
678 1007 797 1032 virorum
817 1008 970 1032 memoratu
990 1006 1100 1040 dignae.

98 1078 111 1101 1
144 1074 157 1088 '⁵
189 1070 222 1100 P.
242 1069 411 1101 Africanus
436 1071 580 1111 superior
602 1072 633 1101 et
652 1069 796 1101 Tiberius
817 1069 985 1109 Gracchus,
1010 1069 1127 1100 Tiberii
1143 1082 1154 1101 ε

123 1116 154 1144 et
178 1113 210 1145 C.
234 1113 447 1145 Gracchorum
472 1117 574 1155 pater,
598 1125 701 1145 rerum
727 1116 886 1155 gestarum
910 1113 1128 1155 magnitudine

123 1160 154 1189 et
178 1158 334 1190 honorum
358 1161 453 1199 atque
476 1159 558 1189 vitae
578 1159 733 1200 dignitate
752 1155 987 1198 inlustres'viri,
1012 1157 1127 1188 dissen-

123 1204 231 1233 serunt
260 1214 485 1244 saepenumero
514 1203 552 1234 de
580 1203 741 1243 republica
770 1205 800 1233 et
829 1214 864 1233 ea
892 1202 957 1233 sive
981 1213 1043 1242 qua
1066 1202 1127 1232 alia

97 1255 154 1277 ‘zre
178 1258 243 1277 non
266 1248 360 1278 amici
384 1248 520 1278 fuerunt.
562 1247 609 1277 Ea
633 1247 777 1277 simultas
797 1257 868 1277 cuin
889 1247 941 1277 diu
961 1246 1128 1276 mansisset

123 1293 154 1322 et
187 1292 333 1322 sollemni
367 1291 416 1322 die
449 1292 578 1332 epulum
609 1290 677 1321 Iovi
710 1291 862 1321 libaretur
894 1292 988 1330 atque
1022 1290 1062 1320 ob
1096 1290 1127 1320 id

123 1336 312 1366 sacrificium
341 1338 468 1366 senatus
497 1336 530 1366 in
555 1335 714 1375 Capitolio
743 1335 936 1375 epularetur,
964 1335 1029 1365 fors
1057 1334 1127 1373 fuit,

123 1382 158 1409 ut
186 1382 263 1420 aput
291 1380 422 1411 eandem
452 1391 592 1410 mensam
621 1379 683 1410 duo
711 1379 759 1409 illi
783 1379 914 1409 iunctim
938 1379 1126 1409 locarentur.

96 1423 203 1454 3Tum
228 1424 318 1464 quasi
342 1424 401 1455 diis
426 1424 648 1454 inmortalibus
672 1423 799 1454 arbitris
823 1423 856 1453 in
877 1423 1022 1453 convivio
1042 1421 1125 1453 Iovis

122 1468 235 1508 optimi
264 1469 393 1499 maximi
422 1469 565 1499 dexteras
591 1478 700 1499 eorum
725 1467 972 1498 conducentibus
997 1468 1126 1507 repente

193 1566 225 1588 20
236 1572 294 1596 sqq.
315 1564 371 1589 Liv.
384 1563 521 1589 XXXVIII
532 1566 563 1589 57
579 1563 639 1589 Var
651 1562 723 1589 Max,
734 1562 772 1588 IV
782 1565 806 1595 2,
817 1565 831 1587 3
847 1562 918 1588 Plut.
931 1562 971 1588 Ti.
983 1561 1095 1588 Gracch.
1107 1565 1124 1587 4

121 1598 173 1659 {lxo
184 1598 215 1659 gr.
225 1601 260 1659 ἒς.)
272 1599 307 1624 M.
323 1598 389 1632 (Cic.
401 1599 435 1624 dc
446 1599 498 1624 inv.
510 1599 521 1624 I
532 1602 573 1631 49,
584 1602 615 1624 91
633 1598 693 1624 Seu.
705 1599 790 1624 contr.
801 1597 826 1623 V
837 1600 860 1630 2,
872 1599 897 1631 3)
986 1600 1018 1622 27
1033 1597 1123 1622 Amm.

194 1716 224 1739 17
244 1722 315 1739 nono
336 1722 384 1739 om.
401 1715 420 1738 B
439 1713 508 1739 VIII.
526 1714 631 1746 Kempf
644 1714 652 1746 11
672 1715 704 1738 23
725 1721 757 1738 ea
777 1713 800 1738 si
821 1713 911 1739 Vassis
928 1712 931 1746 Ι
948 1719 1031 1745 quam
1047 1714 1125 1736 NOX

121 1749 162 1782 (in
180 1751 244 1781 ras.)
259 1750 267 1781 ΙΙ
282 1752 315 1774 24
335 1749 489 1774 diuinasset
503 1751 520 1773 Z

1148 562 1172 580 10

1146 782 1170 801 15

1142 1303 1167 1322 25
