1266 1902
143 64 184 95 62
570 65 632 91 XIII
652 68 679 98 83
700 68 715 91 9

142 146 214 177 rieis
239 146 474 186 dialecticisque
499 157 578 186 opus
600 157 676 186 esse,
700 147 753 177 sed
773 150 917 187 oportere
937 158 1009 178 eum
1029 148 1145 178 versari

143 201 269 230 quoque
293 191 492 230 exercerique
516 191 549 221 in
572 191 665 221 rebus
685 191 862 222 comminus
881 191 1046 222 noscendis
1066 192 1144 232 peri-

143 235 351 274 clitandisque
380 245 477 275 eaque
507 235 613 265 omnia
640 237 710 266 acta
738 238 769 266 et
792 238 904 266 eventa
927 236 1059 266 firmiter
1083 247 1145 266 nie-

142 279 270 309 minisse
295 281 326 309 et
349 279 480 319 proinde
501 290 609 319 sapere
629 282 723 319 atque
743 280 905 310 consulere
925 291 963 310 ex
982 279 1041 320 his,
1065 291 1145 320 quae

142 323 281 363 pericula
308 323 376 363 ipsa
399 334 503 353 rerum
528 323 705 363 docuerint,
732 334 797 354 non
821 335 900 364 quae
923 324 996 355 libri
1020 326 1145 355 tantum
1173 336 1184 355 5

142 370 196 397 aut
220 367 364 408 magistri
388 378 443 407 per
468 367 617 408 quasdam
642 368 810 399 inanitates
832 368 999 398 verborum
1020 371 1051 399 et
1070 369 1144 399 ima-

142 411 251 452 ginum
280 414 441 452 tamquam
469 412 502 441 in
526 412 622 442 mimo
647 414 702 443 aut
725 413 758 442 in
781 413 904 443 somnio
929 412 1145 443 deleraverint.

116 454 261 486 3Versus
289 454 423 486 Afrani
455 458 528 486 sunt
560 456 592 486 in
620 458 765 497 togata,
798 457 848 486 cui
878 455 1001 487 Sellae
1029 467 1145 487 nomen

142 501 190 530 est
214 504 253 539 (v.
268 498 428 539 2915¹R.3):

186 556 283 587 Vsus
308 568 361 587 me
386 558 530 598 genuit,
554 557 672 588 master
696 558 845 598 peperit
868 557 1059 597 Memoria,
1161 570 1186 589 ιο

187 600 365 641 Sophiam
390 604 526 632 vocant
550 613 603 632 me
628 601 729 642 Grai,
753 613 818 633 vos
843 601 1086 642 Sapientiam.

115 667 130 689 4
142 658 221 690 Item
247 670 354 689 versus
379 661 426 689 est
449 659 481 689 in
501 659 630 689 eandem
651 659 748 690 ferme
769 660 956 690 sententiam
977 659 1145 698 Pacuvii,

142 714 236 743 quem
256 703 407 733 Macedo
428 703 647 743 philosophus,
667 704 715 733 vir
733 703 845 743 bonus,
863 703 1028 734 familiaris
1048 714 1146 743 meIIS,

142 747 236 778 scribi
262 748 373 778 debere
398 748 546 778 censebat
570 758 627 788 pro
648 747 770 778 foribus
791 748 932 778 omnium
952 748 1144 788 templorum

143 798 181 831 (v.
197 794 261 822 348
274 791 353 831 R.³):
1161 803 1185 822 15

246 860 313 890 ego
339 849 399 879 odi
423 849 594 880 homines
618 849 756 891 ignava
780 860 892 889 opera
916 851 951 879 et
975 848 1145 889 philoso-

723 893 794 934 pha
819 893 1016 924 sententia.

116 950 232 981 5Nihil
265 951 347 982 enim
380 951 449 982 fieri
482 962 573 991 posse
606 951 766 992 indignius
795 962 897 990 neque
924 951 1145 981 intolerantius

142 995 279 1035 dicebat,
308 1006 402 1035 quam
432 995 517 1035 quod
541 995 684 1026 homines
708 995 815 1036 ignavi
839 1006 875 1026 ao
899 995 1019 1025 desides
1044 995 1145 1035 operti

142 1040 240 1070 barba
268 1041 299 1070 et
326 1040 423 1080 pallio
451 1050 553 1070 mores
577 1041 608 1070 et
632 1040 845 1070 emolumenta
869 1038 1089 1079 philosophiae
1112 1039 1145 1069 in
1161 1051 1186 1069 ρο

141 1084 269 1125 linguae
302 1084 534 1124 verborumque
566 1086 648 1114 artes
682 1085 900 1114 converterent
933 1085 964 1114 et
996 1083 1073 1113 vitia
1100 1083 1144 1113 fa-

142 1128 332 1159 cundissime
356 1130 540 1158 accusarent
564 1128 771 1158 intercutibus
792 1128 851 1167 ipsi
872 1127 956 1158 vitiis
975 1127 1144 1158 madentes.

621 1215 666 1246 ΙΧ

143 1277 214 1308 Quid
239 1276 346 1301 Tullius
370 1276 433 1301 Tiro
463 1276 490 1301 in
520 1276 724 1302 commentariis
754 1275 894 1309 scripserit
924 1275 957 1301 de
986 1275 1088 1300 suculis
1118 1276 1145 1300 et

178 1311 329 1345 hyadibus,
350 1320 421 1344 quae
442 1312 506 1337 sunt
525 1311 667 1337 stellarum
687 1310 829 1337 vocabula.
1159 1317 1184 1336 25

117 1384 129 1406 1
209 1375 357 1406 Tullius
382 1374 469 1405 Tiro
494 1374 535 1405 M.
561 1374 756 1405 Ciceronis
785 1375 931 1405 alumnus
958 1376 989 1405 et
1012 1374 1144 1404 libertus

116 1419 329 1459 2adiutorque
363 1419 395 1449 in
425 1419 538 1450 litteris
568 1419 744 1450 studiorum
773 1419 839 1449 eius
867 1418 937 1450 fuit.
987 1417 1017 1448 Is
1045 1418 1144 1449 libros

214 1518 245 1540 16
265 1515 358 1548 Eurip.
374 1514 405 1539 fr.
423 1517 453 1540 61
466 1514 515 1540 N.²

214 1606 225 1628 1
253 1611 305 1635 que
325 1612 374 1628 om.
391 1605 411 1630 Q,
431 1605 439 1635 Η
462 1605 476 1627 2
502 1602 674 1631 οοωωῑιὶιιῃίε
694 1603 716 1628 ὃ
740 1602 813 1627 >ibus
834 1602 867 1630 Q⁴³
884 1603 887 1636 Ι
904 1601 1143 1635 periclitantisque

143 1640 228 1664 on
242 1640 250 1671 ΙΙ
265 1641 280 1663 3
301 1640 384 1670 atque
403 1638 508 1671 siesbye
525 1639 528 1672 Ι
544 1640 629 1663 uenta
645 1638 677 1666 αι
697 1639 799 1663 auenta
814 1640 830 1662 Ζ
845 1639 853 1670 ΙΙ
869 1640 882 1662 7
904 1636 1104 1663 delectauerint
1123 1647 1143 1661 ω

142 1682 209 1700 corr.
227 1674 271 1700 ott
290 1673 524 1705 deblateraverint
538 1674 623 1699 Hertz
643 1673 833 1698 dictitaverint
849 1673 944 1699 Carrio
960 1671 1144 1697 delibaverint

142 1711 243 1735 tentavi
257 1710 265 1742 ΙΙ
281 1711 313 1734 10
332 1710 421 1734 mater
439 1716 482 1734 me
503 1709 556 1741 ΠΗ
573 1711 603 1733 13
628 1716 671 1734 me
691 1708 758 1733 cedo
779 1710 799 1736 Q
822 1707 913 1733 medio
932 1710 948 1732 Ζ
963 1709 972 1741 fl
988 1710 1018 1732 16
1039 1715 1103 1739 ergo
1122 1716 1142 1733 ε.

142 1744 187 1770 odi
208 1752 258 1778 ego
275 1744 359 1770 Bothe
