<?xml version="1.0" encoding="UTF-8"?>
<!DOCTYPE html PUBLIC "-//W3C//DTD XHTML 1.0 Transitional//EN"
    "http://www.w3.org/TR/xhtml1/DTD/xhtml1-transitional.dtd">
<html xmlns="http://www.w3.org/1999/xhtml" xml:lang="en" lang="en">
 <head>
  <title>
</title>
<meta http-equiv="Content-Type" content="text/html;charset=utf-8" />
  <meta name='ocr-system' content='tesseract 3.04.00' />
  <meta name='ocr-capabilities' content='ocr_page ocr_carea ocr_par ocr_line ocrx_word'/>
</head>
<body>
  <div class='ocr_page' id='page_1' title='image "./agelliinoctiumat02gelluoft_0043.png"; bbox 0 0 1291 1912; ppageno 0'>
   <div class='ocr_carea' id='block_1_1' title="bbox 576 55 1124 85">
    <p class='ocr_par' dir='ltr' id='par_1_1' title="bbox 576 55 1124 85">
     <span class='ocr_line' id='line_1_1' title="bbox 576 55 1124 85; baseline 0.005 -3"><span class='ocrx_word' id='word_1_1' title='bbox 576 56 626 82; x_wconf 76' lang='lat' dir='ltr'><strong>XII</strong></span> <span class='ocrx_word' id='word_1_2' title='bbox 645 59 660 82; x_wconf 77' lang='lat'>5</span> <span class='ocrx_word' id='word_1_3' title='bbox 1083 55 1124 85; x_wconf 81' lang='lat'><strong>37</strong></span> 
     </span>
    </p>
   </div>
   <div class='ocr_carea' id='block_1_2' title="bbox 76 137 1155 1523">
    <p class='ocr_par' dir='ltr' id='par_1_2' title="bbox 89 137 1128 491">
     <span class='ocr_line' id='line_1_2' title="bbox 115 137 1127 179; baseline -0.002 -10"><span class='ocrx_word' id='word_1_4' title='bbox 115 138 214 179; x_wconf 88' lang='lat' dir='ltr'><strong>phum</strong></span> <span class='ocrx_word' id='word_1_5' title='bbox 243 140 275 169; x_wconf 89' lang='lat' dir='ltr'><strong>et</strong></span> <span class='ocrx_word' id='word_1_6' title='bbox 299 138 449 169; x_wconf 85' lang='lat' dir='ltr'><strong>dolorem.</strong></span> <span class='ocrx_word' id='word_1_7' title='bbox 496 138 646 169; x_wconf 79' lang='lat' dir='ltr'>Faciebat</span> <span class='ocrx_word' id='word_1_8' title='bbox 670 138 717 169; x_wconf 86' lang='lat' dir='ltr'><strong>vis</strong></span> <span class='ocrx_word' id='word_1_9' title='bbox 741 138 796 169; x_wconf 83' lang='lat' dir='ltr'><strong>illa</strong></span> <span class='ocrx_word' id='word_1_10' title='bbox 821 140 852 169; x_wconf 91' lang='lat' dir='ltr'><strong>et</strong></span> <span class='ocrx_word' id='word_1_11' title='bbox 875 140 989 169; x_wconf 82' lang='lat' dir='ltr'><strong>natura</strong></span> <span class='ocrx_word' id='word_1_12' title='bbox 1013 137 1127 177; x_wconf 84' lang='lat' dir='ltr'>morbi,</span> 
     </span>
     <span class='ocr_line' id='line_1_3' title="bbox 116 182 1126 223; baseline -0.001 -10"><span class='ocrx_word' id='word_1_13' title='bbox 116 183 201 223; x_wconf 87' lang='lat' dir='ltr'><strong>quod</strong></span> <span class='ocrx_word' id='word_1_14' title='bbox 225 185 291 214; x_wconf 89' lang='lat' dir='ltr'><strong>erat</strong></span> <span class='ocrx_word' id='word_1_15' title='bbox 315 194 417 220; x_wconf 88' lang='lat' dir='ltr'><strong>suum,</strong></span> <span class='ocrx_word' id='word_1_16' title='bbox 444 183 681 214; x_wconf 76' lang='lat' dir='ltr'><strong>distractionem</strong></span> <span class='ocrx_word' id='word_1_17' title='bbox 707 182 946 223; x_wconf 72' lang='lat' dir='ltr'><strong>cruciatumque</strong></span> <span class='ocrx_word' id='word_1_18' title='bbox 970 182 1126 213; x_wconf 87' lang='lat' dir='ltr'><strong>membro-</strong></span> 
     </span>
     <span class='ocr_line' id='line_1_4' title="bbox 114 226 1127 267; baseline -0.002 -9"><span class='ocrx_word' id='word_1_19' title='bbox 114 238 199 266; x_wconf 87' lang='lat' dir='ltr'><strong>rum,</strong></span> <span class='ocrx_word' id='word_1_20' title='bbox 223 227 360 258; x_wconf 74' lang='lat' dir='ltr'><strong>faciebat</strong></span> <span class='ocrx_word' id='word_1_21' title='bbox 385 230 495 258; x_wconf 85' lang='lat' dir='ltr'><strong>contra</strong></span> <span class='ocrx_word' id='word_1_22' title='bbox 518 227 599 258; x_wconf 88' lang='lat' dir='ltr'><strong>ratio</strong></span> <span class='ocrx_word' id='word_1_23' title='bbox 624 230 655 258; x_wconf 87' lang='lat' dir='ltr'><strong>et</strong></span> <span class='ocrx_word' id='word_1_24' title='bbox 679 229 792 258; x_wconf 87' lang='lat' dir='ltr'><strong>natura</strong></span> <span class='ocrx_word' id='word_1_25' title='bbox 816 227 924 266; x_wconf 87' lang='lat' dir='ltr'><strong>animi,</strong></span> <span class='ocrx_word' id='word_1_26' title='bbox 950 226 1036 267; x_wconf 89' lang='lat' dir='ltr'><strong>quod</strong></span> <span class='ocrx_word' id='word_1_27' title='bbox 1060 227 1127 257; x_wconf 86' lang='lat' dir='ltr'><strong>erat</strong></span> 
     </span>
     <span class='ocr_line' id='line_1_5' title="bbox 115 271 1127 313; baseline -0.002 -11"><span class='ocrx_word' id='word_1_28' title='bbox 115 282 214 312; x_wconf 89' lang='lat' dir='ltr'><strong>aeque</strong></span> <span class='ocrx_word' id='word_1_29' title='bbox 243 283 348 302; x_wconf 86' lang='lat' dir='ltr'><strong>suum:</strong></span> <span class='ocrx_word' id='word_1_30' title='bbox 378 272 615 313; x_wconf 78' lang='lat' dir='ltr'><strong>perpetiebatur</strong></span> <span class='ocrx_word' id='word_1_31' title='bbox 643 274 674 302; x_wconf 87' lang='lat' dir='ltr'><strong>et</strong></span> <span class='ocrx_word' id='word_1_32' title='bbox 702 272 873 303; x_wconf 87' lang='lat' dir='ltr'><strong>cohibebat</strong></span> <span class='ocrx_word' id='word_1_33' title='bbox 898 271 1127 311; x_wconf 84' lang='lat' dir='ltr'><strong>coercebatque</strong></span> 
     </span>
     <span class='ocr_line' id='line_1_6' title="bbox 89 315 1128 354; baseline -0.001 -7"><span class='ocrx_word' id='word_1_34' title='bbox 89 329 100 348; x_wconf 83' lang='lat'><strong>5</strong></span> <span class='ocrx_word' id='word_1_35' title='bbox 115 316 197 346; x_wconf 82' lang='lat' dir='ltr'><strong>infra</strong></span> <span class='ocrx_word' id='word_1_36' title='bbox 221 327 288 347; x_wconf 83' lang='lat' dir='ltr'><strong>sese</strong></span> <span class='ocrx_word' id='word_1_37' title='bbox 312 317 480 347; x_wconf 81' lang='lat' dir='ltr'><strong>violentias</strong></span> <span class='ocrx_word' id='word_1_38' title='bbox 505 316 647 347; x_wconf 82' lang='lat' dir='ltr'><strong>effrenati</strong></span> <span class='ocrx_word' id='word_1_39' title='bbox 673 316 800 347; x_wconf 86' lang='lat' dir='ltr'><strong>doloris.</strong></span> <span class='ocrx_word' id='word_1_40' title='bbox 842 315 959 347; x_wconf 87' lang='lat' dir='ltr'><strong>Nullos</strong></span> <span class='ocrx_word' id='word_1_41' title='bbox 981 315 1128 354; x_wconf 83' lang='lat' dir='ltr'><strong>eiulatus,</strong></span> 
     </span>
     <span class='ocr_line' id='line_1_7' title="bbox 114 360 1127 401; baseline 0 -11"><span class='ocrx_word' id='word_1_42' title='bbox 114 361 218 391; x_wconf 87' lang='lat' dir='ltr'><strong>nullas</strong></span> <span class='ocrx_word' id='word_1_43' title='bbox 243 361 509 401; x_wconf 75' lang='lat' dir='ltr'><strong>conplorationes,</strong></span> <span class='ocrx_word' id='word_1_44' title='bbox 532 372 571 392; x_wconf 91' lang='lat' dir='ltr'><strong>ne</strong></span> <span class='ocrx_word' id='word_1_45' title='bbox 595 361 677 391; x_wconf 89' lang='lat' dir='ltr'><strong>ullas</strong></span> <span class='ocrx_word' id='word_1_46' title='bbox 701 361 830 401; x_wconf 87' lang='lat' dir='ltr'><strong>quidem</strong></span> <span class='ocrx_word' id='word_1_47' title='bbox 850 371 943 392; x_wconf 91' lang='lat' dir='ltr'><strong>voces</strong></span> <span class='ocrx_word' id='word_1_48' title='bbox 962 360 1127 391; x_wconf 86' lang='lat' dir='ltr'><strong>indecoras</strong></span> 
     </span>
     <span class='ocr_line' id='line_1_8' title="bbox 115 404 1128 447; baseline -0.001 -12"><span class='ocrx_word' id='word_1_49' title='bbox 115 405 236 444; x_wconf 84' lang='lat' dir='ltr'><strong>edebat,</strong></span> <span class='ocrx_word' id='word_1_50' title='bbox 261 406 351 447; x_wconf 79' lang='lat' dir='ltr'><strong>signa</strong></span> <span class='ocrx_word' id='word_1_51' title='bbox 376 408 482 436; x_wconf 88' lang='lat' dir='ltr'><strong>tamen</strong></span> <span class='ocrx_word' id='word_1_52' title='bbox 502 405 666 445; x_wconf 84' lang='lat' dir='ltr'><strong>quaedam,</strong></span> <span class='ocrx_word' id='word_1_53' title='bbox 690 405 773 436; x_wconf 89' lang='lat' dir='ltr'><strong>sicut</strong></span> <span class='ocrx_word' id='word_1_54' title='bbox 792 405 925 445; x_wconf 87' lang='lat' dir='ltr'><strong>vidistis,</strong></span> <span class='ocrx_word' id='word_1_55' title='bbox 949 404 1128 436; x_wconf 79' lang='lat' dir='ltr'><strong>existebant</strong></span> 
     </span>
     <span class='ocr_line' id='line_1_9' title="bbox 114 449 1125 491; baseline -0.001 -11"><span class='ocrx_word' id='word_1_56' title='bbox 114 449 241 485; x_wconf 72' lang='lat' dir='ltr'><strong>viltutis</strong></span> <span class='ocrx_word' id='word_1_57' title='bbox 262 453 293 480; x_wconf 87' lang='lat' dir='ltr'><strong>et</strong></span> <span class='ocrx_word' id='word_1_58' title='bbox 311 450 452 490; x_wconf 87' lang='lat' dir='ltr'><strong>corporis</strong></span> <span class='ocrx_word' id='word_1_59' title='bbox 468 450 505 480; x_wconf 88' lang='lat' dir='ltr'><strong>de</strong></span> <span class='ocrx_word' id='word_1_60' title='bbox 521 450 721 490; x_wconf 84' lang='lat' dir='ltr'><strong>possessione</strong></span> <span class='ocrx_word' id='word_1_61' title='bbox 735 449 876 480; x_wconf 89' lang='lat' dir='ltr'><strong>hominis</strong></span> <span class='ocrx_word' id='word_1_62' title='bbox 892 449 1125 491; x_wconf 62' lang='lat' dir='ltr'><strong>pugnantium?</strong></span> 
     </span>
    </p>

    <p class='ocr_par' dir='ltr' id='par_1_3' title="bbox 76 493 1153 891">
     <span class='ocr_line' id='line_1_10' title="bbox 182 493 1153 534; baseline 0 -10"><span class='ocrx_word' id='word_1_63' title='bbox 182 493 261 524; x_wconf 87' lang='lat' dir='ltr'><strong>Tum</strong></span> <span class='ocrx_word' id='word_1_64' title='bbox 297 505 313 525; x_wconf 84' lang='lat' dir='ltr'><strong>e</strong></span> <span class='ocrx_word' id='word_1_65' title='bbox 346 495 555 525; x_wconf 79' lang='lat' dir='ltr'><strong>sectatoribus</strong></span> <span class='ocrx_word' id='word_1_66' title='bbox 584 494 698 525; x_wconf 86' lang='lat' dir='ltr'><strong>Tauri</strong></span> <span class='ocrx_word' id='word_1_67' title='bbox 731 495 854 525; x_wconf 92' lang='lat' dir='ltr'><strong>iuvenis</strong></span> <span class='ocrx_word' id='word_1_68' title='bbox 886 495 920 525; x_wconf 86' lang='lat' dir='ltr'><strong>in</strong></span> <span class='ocrx_word' id='word_1_69' title='bbox 949 493 1153 534; x_wconf 73' lang='lat' dir='ltr'><strong>disciplinis-1</strong></span> 
     </span>
     <span class='ocr_line' id='line_1_11' title="bbox 77 537 1126 580; baseline -0.002 -10"><span class='ocrx_word' id='word_1_70' title='bbox 77 551 101 570; x_wconf 88' lang='lat'><strong>10</strong></span> <span class='ocrx_word' id='word_1_71' title='bbox 116 537 339 579; x_wconf 82' lang='lat' dir='ltr'><strong>philosophiae</strong></span> <span class='ocrx_word' id='word_1_72' title='bbox 371 550 436 569; x_wconf 90' lang='lat' dir='ltr'><strong>non</strong></span> <span class='ocrx_word' id='word_1_73' title='bbox 468 539 615 580; x_wconf 76' lang='lat' dir='ltr'><strong>ignavus:</strong></span> <span class='ocrx_word' id='word_1_74' title='bbox 653 539 691 570; x_wconf 83' lang='lat' dir='ltr'><strong>‘si</strong></span> <span class='ocrx_word' id='word_1_75' title='bbox 724 540 823 570; x_wconf 88' lang='lat' dir='ltr'><strong>tanta&#39;</strong></span> <span class='ocrx_word' id='word_1_76' title='bbox 858 539 963 579; x_wconf 90' lang='lat' dir='ltr'><strong>inquit</strong></span> <span class='ocrx_word' id='word_1_77' title='bbox 996 538 1126 569; x_wconf 74' lang='lat' dir='ltr'><strong>‘doloris</strong></span> 
     </span>
     <span class='ocr_line' id='line_1_12' title="bbox 115 583 1127 624; baseline -0.001 -11"><span class='ocrx_word' id='word_1_78' title='bbox 115 583 270 614; x_wconf 83' lang='lat' dir='ltr'><strong>acerbitas</strong></span> <span class='ocrx_word' id='word_1_79' title='bbox 295 585 351 622; x_wconf 86' lang='lat' dir='ltr'><strong>est,</strong></span> <span class='ocrx_word' id='word_1_80' title='bbox 374 586 410 614; x_wconf 89' lang='lat' dir='ltr'><strong>ut</strong></span> <span class='ocrx_word' id='word_1_81' title='bbox 434 586 543 614; x_wconf 83' lang='lat' dir='ltr'><strong>contra</strong></span> <span class='ocrx_word' id='word_1_82' title='bbox 564 584 761 614; x_wconf 81' lang='lat' dir='ltr'><strong>voluntatem</strong></span> <span class='ocrx_word' id='word_1_83' title='bbox 781 586 955 624; x_wconf 86' lang='lat' dir='ltr'><strong>contraque</strong></span> <span class='ocrx_word' id='word_1_84' title='bbox 975 583 1127 614; x_wconf 85' lang='lat' dir='ltr'><strong>iudicium</strong></span> 
     </span>
     <span class='ocr_line' id='line_1_13' title="bbox 115 627 1127 669; baseline 0 -12"><span class='ocrx_word' id='word_1_85' title='bbox 115 627 213 658; x_wconf 89' lang='lat' dir='ltr'><strong>animi</strong></span> <span class='ocrx_word' id='word_1_86' title='bbox 244 628 365 658; x_wconf 83' lang='lat' dir='ltr'><strong>nitatur</strong></span> <span class='ocrx_word' id='word_1_87' title='bbox 392 627 591 668; x_wconf 89' lang='lat' dir='ltr'><strong>invitumque</strong></span> <span class='ocrx_word' id='word_1_88' title='bbox 620 628 781 659; x_wconf 89' lang='lat' dir='ltr'><strong>hominem</strong></span> <span class='ocrx_word' id='word_1_89' title='bbox 812 630 905 669; x_wconf 85' lang='lat' dir='ltr'><strong>cogat</strong></span> <span class='ocrx_word' id='word_1_90' title='bbox 933 628 972 658; x_wconf 86' lang='lat' dir='ltr'><strong>ad</strong></span> <span class='ocrx_word' id='word_1_91' title='bbox 1001 638 1127 669; x_wconf 77' lang='lat' dir='ltr'><strong>gemen-</strong></span> 
     </span>
     <span class='ocr_line' id='line_1_14' title="bbox 115 671 1128 713; baseline 0.001 -11"><span class='ocrx_word' id='word_1_92' title='bbox 115 671 190 702; x_wconf 89' lang='lat' dir='ltr'><strong>dum</strong></span> <span class='ocrx_word' id='word_1_93' title='bbox 224 672 504 713; x_wconf 82' lang='lat' dir='ltr'><strong>confitendumque</strong></span> <span class='ocrx_word' id='word_1_94' title='bbox 538 673 575 703; x_wconf 86' lang='lat' dir='ltr'><strong>de</strong></span> <span class='ocrx_word' id='word_1_95' title='bbox 609 673 692 703; x_wconf 88' lang='lat' dir='ltr'><strong>malo</strong></span> <span class='ocrx_word' id='word_1_96' title='bbox 724 673 827 703; x_wconf 86' lang='lat' dir='ltr'><strong>morbi</strong></span> <span class='ocrx_word' id='word_1_97' title='bbox 856 672 1039 712; x_wconf 79' lang='lat' dir='ltr'><strong>saevientis,</strong></span> <span class='ocrx_word' id='word_1_98' title='bbox 1072 682 1128 702; x_wconf 85' lang='lat' dir='ltr'><strong>cur</strong></span> 
     </span>
     <span class='ocr_line' id='line_1_15' title="bbox 115 716 1128 757; baseline 0.001 -11"><span class='ocrx_word' id='word_1_99' title='bbox 115 716 206 747; x_wconf 88' lang='lat' dir='ltr'><strong>dolor</strong></span> <span class='ocrx_word' id='word_1_100' title='bbox 221 719 299 757; x_wconf 85' lang='lat' dir='ltr'><strong>aput</strong></span> <span class='ocrx_word' id='word_1_101' title='bbox 315 716 465 748; x_wconf 81' lang='lat' dir='ltr'><strong>Stoicos</strong></span> <span class='ocrx_word' id='word_1_102' title='bbox 482 716 664 748; x_wconf 83' lang='lat' dir='ltr'><strong>indifferens</strong></span> <span class='ocrx_word' id='word_1_103' title='bbox 680 727 747 748; x_wconf 87' lang='lat' dir='ltr'><strong>esse</strong></span> <span class='ocrx_word' id='word_1_104' title='bbox 762 717 887 757; x_wconf 80' lang='lat' dir='ltr'><strong>dicitur,</strong></span> <span class='ocrx_word' id='word_1_105' title='bbox 906 728 971 747; x_wconf 90' lang='lat' dir='ltr'><strong>non</strong></span> <span class='ocrx_word' id='word_1_106' title='bbox 986 716 1128 747; x_wconf 75' lang='lat' dir='ltr'><strong>malum?</strong></span> 
     </span>
     <span class='ocr_line' id='line_1_16' title="bbox 76 761 1129 803; baseline 0 -12"><span class='ocrx_word' id='word_1_107' title='bbox 76 773 100 792; x_wconf 81' lang='lat'><strong>15</strong></span> <span class='ocrx_word' id='word_1_108' title='bbox 116 770 172 791; x_wconf 86' lang='lat' dir='ltr'><strong>eur</strong></span> <span class='ocrx_word' id='word_1_109' title='bbox 199 761 312 792; x_wconf 87' lang='lat' dir='ltr'><strong>deinde</strong></span> <span class='ocrx_word' id='word_1_110' title='bbox 340 763 395 792; x_wconf 85' lang='lat' dir='ltr'><strong>aut</strong></span> <span class='ocrx_word' id='word_1_111' title='bbox 424 762 543 792; x_wconf 86' lang='lat' dir='ltr'><strong>stoicus</strong></span> <span class='ocrx_word' id='word_1_112' title='bbox 573 762 669 792; x_wconf 90' lang='lat' dir='ltr'><strong>homo</strong></span> <span class='ocrx_word' id='word_1_113' title='bbox 699 762 769 803; x_wconf 84' lang='lat' dir='ltr'><strong>cogi</strong></span> <span class='ocrx_word' id='word_1_114' title='bbox 799 761 920 802; x_wconf 89' lang='lat' dir='ltr'><strong>aliquid</strong></span> <span class='ocrx_word' id='word_1_115' title='bbox 944 764 1050 802; x_wconf 83' lang='lat' dir='ltr'><strong>potest</strong></span> <span class='ocrx_word' id='word_1_116' title='bbox 1073 763 1129 791; x_wconf 88' lang='lat' dir='ltr'><strong>aut</strong></span> 
     </span>
     <span class='ocr_line' id='line_1_17' title="bbox 115 805 1129 847; baseline 0.001 -12"><span class='ocrx_word' id='word_1_117' title='bbox 115 805 207 836; x_wconf 90' lang='lat' dir='ltr'><strong>dolor</strong></span> <span class='ocrx_word' id='word_1_118' title='bbox 235 816 361 847; x_wconf 81' lang='lat' dir='ltr'><strong>cogere,</strong></span> <span class='ocrx_word' id='word_1_119' title='bbox 389 816 461 837; x_wconf 88' lang='lat' dir='ltr'><strong>cum</strong></span> <span class='ocrx_word' id='word_1_120' title='bbox 486 809 517 837; x_wconf 88' lang='lat' dir='ltr'><strong>et</strong></span> <span class='ocrx_word' id='word_1_121' title='bbox 541 806 682 837; x_wconf 89' lang='lat' dir='ltr'><strong>dolorem</strong></span> <span class='ocrx_word' id='word_1_122' title='bbox 708 805 830 837; x_wconf 84' lang='lat' dir='ltr'><strong>Stoici</strong></span> <span class='ocrx_word' id='word_1_123' title='bbox 855 806 935 837; x_wconf 87' lang='lat' dir='ltr'><strong>nihil</strong></span> <span class='ocrx_word' id='word_1_124' title='bbox 960 816 1074 847; x_wconf 82' lang='lat' dir='ltr'><strong>cogere</strong></span> <span class='ocrx_word' id='word_1_125' title='bbox 1097 808 1129 836; x_wconf 86' lang='lat' dir='ltr'><strong>et</strong></span> 
     </span>
     <span class='ocr_line' id='line_1_18' title="bbox 116 850 774 891; baseline 0.002 -11"><span class='ocrx_word' id='word_1_126' title='bbox 116 850 290 890; x_wconf 82' lang='lat' dir='ltr'><strong>sapientem</strong></span> <span class='ocrx_word' id='word_1_127' title='bbox 316 850 396 881; x_wconf 86' lang='lat' dir='ltr'><strong>nihil</strong></span> <span class='ocrx_word' id='word_1_128' title='bbox 421 851 493 891; x_wconf 69' lang='lat' dir='ltr'><strong>cogi</strong></span> <span class='ocrx_word' id='word_1_129' title='bbox 518 861 610 891; x_wconf 82' lang='lat' dir='ltr'><strong>posse</strong></span> <span class='ocrx_word' id='word_1_130' title='bbox 635 851 774 881; x_wconf 54' lang='lat' dir='ltr'><strong>dicant?</strong></span> 
     </span>
    </p>

    <p class='ocr_par' dir='ltr' id='par_1_4' title="bbox 77 891 1155 1523">
     <span class='ocr_line' id='line_1_19' title="bbox 182 891 1155 936; baseline 0.002 -12"><span class='ocrx_word' id='word_1_131' title='bbox 182 893 233 924; x_wconf 85' lang='lat' dir='ltr'><strong>Ad</strong></span> <span class='ocrx_word' id='word_1_132' title='bbox 257 906 293 925; x_wconf 89' lang='lat' dir='ltr'><strong>ea</strong></span> <span class='ocrx_word' id='word_1_133' title='bbox 312 891 572 925; x_wconf 28' lang='lat' dir='ltr'><strong>Taui·us*vultu</strong></span> <span class='ocrx_word' id='word_1_134' title='bbox 597 895 659 926; x_wconf 88' lang='lat' dir='ltr'><strong>iam</strong></span> <span class='ocrx_word' id='word_1_135' title='bbox 684 895 915 936; x_wconf 86' lang='lat' dir='ltr'><strong>propemodum</strong></span> <span class='ocrx_word' id='word_1_136' title='bbox 935 895 1066 926; x_wconf 81' lang='lat' dir='ltr'><strong>laetiore</strong></span> <span class='ocrx_word' id='word_1_137' title='bbox 1086 903 1155 927; x_wconf 85' lang='lat'><strong>—5</strong></span> 
     </span>
     <span class='ocr_line' id='line_1_20' title="bbox 116 938 1129 980; baseline 0.001 -11"><span class='ocrx_word' id='word_1_138' title='bbox 116 938 290 970; x_wconf 82' lang='lat' dir='ltr'><strong>delectatus</strong></span> <span class='ocrx_word' id='word_1_139' title='bbox 314 940 397 970; x_wconf 87' lang='lat' dir='ltr'><strong>enim</strong></span> <span class='ocrx_word' id='word_1_140' title='bbox 423 940 590 970; x_wconf 84' lang='lat' dir='ltr'><strong>videbatur</strong></span> <span class='ocrx_word' id='word_1_141' title='bbox 613 940 771 971; x_wconf 83' lang='lat' dir='ltr'><strong>inlecebra</strong></span> <span class='ocrx_word' id='word_1_142' title='bbox 793 940 989 980; x_wconf 74' lang='lat' dir='ltr'><strong>quaestionis</strong></span> <span class='ocrx_word' id='word_1_143' title='bbox 1012 951 1065 970; x_wconf 81' lang='lat'><strong>—2</strong></span> <span class='ocrx_word' id='word_1_144' title='bbox 1091 939 1129 970; x_wconf 81' lang='lat' dir='ltr'><strong>‘si</strong></span> 
     </span>
     <span class='ocr_line' id='line_1_21' title="bbox 77 983 1128 1024; baseline 0.001 -11"><span class='ocrx_word' id='word_1_145' title='bbox 77 995 102 1014; x_wconf 63' lang='grc' dir='ltr'><strong>ρο</strong></span> <span class='ocrx_word' id='word_1_146' title='bbox 116 983 179 1013; x_wconf 87' lang='lat' dir='ltr'><strong>iam</strong></span> <span class='ocrx_word' id='word_1_147' title='bbox 204 984 335 1014; x_wconf 83' lang='lat' dir='ltr'><strong>amicus’</strong></span> <span class='ocrx_word' id='word_1_148' title='bbox 362 984 466 1024; x_wconf 87' lang='lat' dir='ltr'><strong>inquit</strong></span> <span class='ocrx_word' id='word_1_149' title='bbox 491 984 553 1015; x_wconf 86' lang='lat' dir='ltr'><strong>‘hic</strong></span> <span class='ocrx_word' id='word_1_150' title='bbox 578 986 685 1015; x_wconf 87' lang='lat' dir='ltr'><strong>noster</strong></span> <span class='ocrx_word' id='word_1_151' title='bbox 704 985 818 1015; x_wconf 89' lang='lat' dir='ltr'><strong>melius</strong></span> <span class='ocrx_word' id='word_1_152' title='bbox 838 985 966 1024; x_wconf 87' lang='lat' dir='ltr'><strong>valeret,</strong></span> <span class='ocrx_word' id='word_1_153' title='bbox 991 984 1128 1024; x_wconf 77' lang='lat' dir='ltr'><strong>gemitus</strong></span> 
     </span>
     <span class='ocr_line' id='line_1_22' title="bbox 117 1028 1129 1068; baseline 0 -10"><span class='ocrx_word' id='word_1_154' title='bbox 117 1028 271 1059; x_wconf 89' lang='lat' dir='ltr'><strong>eiusmodi</strong></span> <span class='ocrx_word' id='word_1_155' title='bbox 303 1029 496 1059; x_wconf 80' lang='lat' dir='ltr'><strong>necessarios</strong></span> <span class='ocrx_word' id='word_1_156' title='bbox 525 1040 543 1059; x_wconf 89' lang='lat' dir='ltr'><strong>a</strong></span> <span class='ocrx_word' id='word_1_157' title='bbox 573 1029 731 1060; x_wconf 88' lang='lat' dir='ltr'><strong>calumnia</strong></span> <span class='ocrx_word' id='word_1_158' title='bbox 759 1029 951 1060; x_wconf 71' lang='lat' dir='ltr'><strong>defendisset</strong></span> <span class='ocrx_word' id='word_1_159' title='bbox 979 1031 1010 1059; x_wconf 89' lang='lat' dir='ltr'><strong>et</strong></span> <span class='ocrx_word' id='word_1_160' title='bbox 1038 1028 1129 1068; x_wconf 87' lang='lat' dir='ltr'><strong>hanc,</strong></span> 
     </span>
     <span class='ocr_line' id='line_1_23' title="bbox 117 1072 1129 1113; baseline 0.002 -11"><span class='ocrx_word' id='word_1_161' title='bbox 117 1072 244 1112; x_wconf 79' lang='lat' dir='ltr'><strong>opinor,</strong></span> <span class='ocrx_word' id='word_1_162' title='bbox 277 1072 335 1103; x_wconf 87' lang='lat' dir='ltr'><strong>tibi</strong></span> <span class='ocrx_word' id='word_1_163' title='bbox 365 1074 584 1113; x_wconf 86' lang='lat' dir='ltr'><strong>quaestionem</strong></span> <span class='ocrx_word' id='word_1_164' title='bbox 613 1073 823 1113; x_wconf 83' lang='lat' dir='ltr'><strong>dissolvisset,</strong></span> <span class='ocrx_word' id='word_1_165' title='bbox 854 1085 904 1104; x_wconf 88' lang='lat' dir='ltr'><strong>me</strong></span> <span class='ocrx_word' id='word_1_166' title='bbox 932 1076 1038 1104; x_wconf 86' lang='lat' dir='ltr'><strong>autem</strong></span> <span class='ocrx_word' id='word_1_167' title='bbox 1068 1073 1129 1104; x_wconf 87' lang='lat' dir='ltr'><strong>scis</strong></span> 
     </span>
     <span class='ocr_line' id='line_1_24' title="bbox 117 1116 1129 1158; baseline 0.001 -11"><span class='ocrx_word' id='word_1_168' title='bbox 117 1126 189 1147; x_wconf 82' lang='lat' dir='ltr'><strong>cum</strong></span> <span class='ocrx_word' id='word_1_169' title='bbox 211 1116 326 1148; x_wconf 86' lang='lat' dir='ltr'><strong>Stoicis</strong></span> <span class='ocrx_word' id='word_1_170' title='bbox 346 1128 411 1148; x_wconf 90' lang='lat' dir='ltr'><strong>non</strong></span> <span class='ocrx_word' id='word_1_171' title='bbox 432 1118 510 1148; x_wconf 86' lang='lat' dir='ltr'><strong>bene</strong></span> <span class='ocrx_word' id='word_1_172' title='bbox 530 1118 699 1148; x_wconf 89' lang='lat' dir='ltr'><strong>convenire</strong></span> <span class='ocrx_word' id='word_1_173' title='bbox 717 1119 768 1149; x_wconf 89' lang='lat' dir='ltr'><strong>vel</strong></span> <span class='ocrx_word' id='word_1_174' title='bbox 787 1129 858 1149; x_wconf 86' lang='lat' dir='ltr'><strong>cum</strong></span> <span class='ocrx_word' id='word_1_175' title='bbox 881 1117 989 1149; x_wconf 82' lang='lat' dir='ltr'><strong>Stoica</strong></span> <span class='ocrx_word' id='word_1_176' title='bbox 1008 1117 1129 1158; x_wconf 78' lang='lat' dir='ltr'><strong>potius3</strong></span> 
     </span>
     <span class='ocr_line' id='line_1_25' title="bbox 118 1162 1130 1203; baseline 0.001 -12"><span class='ocrx_word' id='word_1_177' title='bbox 118 1163 165 1192; x_wconf 88' lang='lat' dir='ltr'><strong>est</strong></span> <span class='ocrx_word' id='word_1_178' title='bbox 194 1162 276 1192; x_wconf 80' lang='lat' dir='ltr'><strong>enim</strong></span> <span class='ocrx_word' id='word_1_179' title='bbox 305 1162 455 1202; x_wconf 83' lang='lat' dir='ltr'><strong>pleraque</strong></span> <span class='ocrx_word' id='word_1_180' title='bbox 480 1165 511 1193; x_wconf 89' lang='lat' dir='ltr'><strong>et</strong></span> <span class='ocrx_word' id='word_1_181' title='bbox 535 1162 595 1193; x_wconf 90' lang='lat' dir='ltr'><strong>sibi</strong></span> <span class='ocrx_word' id='word_1_182' title='bbox 620 1164 651 1193; x_wconf 88' lang='lat' dir='ltr'><strong>et</strong></span> <span class='ocrx_word' id='word_1_183' title='bbox 674 1162 767 1193; x_wconf 88' lang='lat' dir='ltr'><strong>nobis</strong></span> <span class='ocrx_word' id='word_1_184' title='bbox 792 1163 1019 1203; x_wconf 71' lang='lat' dir='ltr'><strong>incongruens,</strong></span> <span class='ocrx_word' id='word_1_185' title='bbox 1048 1162 1130 1193; x_wconf 86' lang='lat' dir='ltr'><strong>sicut</strong></span> 
     </span>
     <span class='ocr_line' id='line_1_26' title="bbox 79 1205 1128 1248; baseline 0.001 -13"><span class='ocrx_word' id='word_1_186' title='bbox 79 1217 103 1236; x_wconf 73' lang='lat'><strong>25</strong></span> <span class='ocrx_word' id='word_1_187' title='bbox 118 1205 214 1245; x_wconf 80' lang='lat' dir='ltr'><strong>libro,</strong></span> <span class='ocrx_word' id='word_1_188' title='bbox 252 1217 344 1246; x_wconf 88' lang='lat' dir='ltr'><strong>quem</strong></span> <span class='ocrx_word' id='word_1_189' title='bbox 379 1217 473 1247; x_wconf 90' lang='lat' dir='ltr'><strong>super</strong></span> <span class='ocrx_word' id='word_1_190' title='bbox 506 1207 560 1237; x_wconf 81' lang='lat' dir='ltr'><strong>illa</strong></span> <span class='ocrx_word' id='word_1_191' title='bbox 593 1218 626 1237; x_wconf 89' lang='lat' dir='ltr'><strong>re</strong></span> <span class='ocrx_word' id='word_1_192' title='bbox 659 1208 911 1248; x_wconf 85' lang='lat' dir='ltr'><strong>composuimus,</strong></span> <span class='ocrx_word' id='word_1_193' title='bbox 944 1206 1128 1237; x_wconf 84' lang='lat' dir='ltr'><strong>declaratur.</strong></span> 
     </span>
     <span class='ocr_line' id='line_1_27' title="bbox 120 1248 1154 1293; baseline 0.002 -13"><span class='ocrx_word' id='word_1_194' title='bbox 120 1248 181 1280; x_wconf 89' lang='lat' dir='ltr'><strong>Sed</strong></span> <span class='ocrx_word' id='word_1_195' title='bbox 209 1252 245 1280; x_wconf 92' lang='lat' dir='ltr'><strong>ut</strong></span> <span class='ocrx_word' id='word_1_196' title='bbox 273 1251 332 1281; x_wconf 90' lang='lat' dir='ltr'><strong>tibi</strong></span> <span class='ocrx_word' id='word_1_197' title='bbox 361 1262 378 1281; x_wconf 86' lang='lat' dir='ltr'><strong>a</strong></span> <span class='ocrx_word' id='word_1_198' title='bbox 408 1262 458 1281; x_wconf 85' lang='lat' dir='ltr'><strong>mc</strong></span> <span class='ocrx_word' id='word_1_199' title='bbox 486 1262 554 1282; x_wconf 90' lang='lat' dir='ltr'><strong>mos</strong></span> <span class='ocrx_word' id='word_1_200' title='bbox 580 1253 721 1292; x_wconf 82' lang='lat' dir='ltr'><strong>geratur,</strong></span> <span class='ocrx_word' id='word_1_201' title='bbox 750 1251 852 1282; x_wconf 86' lang='lat' dir='ltr'><strong>dicam</strong></span> <span class='ocrx_word' id='word_1_202' title='bbox 877 1262 936 1293; x_wconf 84' lang='lat' dir='ltr'><strong>ego</strong></span> <span class='ocrx_word' id='word_1_203' title='bbox 961 1251 1154 1290; x_wconf 75' lang='lat' dir='ltr'><strong>indoctius,e</strong></span> 
     </span>
     <span class='ocr_line' id='line_1_28' title="bbox 119 1294 1129 1336; baseline 0.002 -12"><span class='ocrx_word' id='word_1_204' title='bbox 119 1296 155 1324; x_wconf 90' lang='lat' dir='ltr'><strong>ut</strong></span> <span class='ocrx_word' id='word_1_205' title='bbox 179 1294 281 1334; x_wconf 85' lang='lat' dir='ltr'><strong>aiunt,</strong></span> <span class='ocrx_word' id='word_1_206' title='bbox 305 1297 336 1326; x_wconf 91' lang='lat' dir='ltr'><strong>et</strong></span> <span class='ocrx_word' id='word_1_207' title='bbox 359 1296 509 1336; x_wconf 80' lang='lat' dir='ltr'><strong>apertius,</strong></span> <span class='ocrx_word' id='word_1_208' title='bbox 534 1306 614 1336; x_wconf 87' lang='lat' dir='ltr'><strong>quae</strong></span> <span class='ocrx_word' id='word_1_209' title='bbox 637 1296 735 1327; x_wconf 77' lang='lat' dir='ltr'><strong>fuisse</strong></span> <span class='ocrx_word' id='word_1_210' title='bbox 759 1296 917 1327; x_wconf 88' lang='lat' dir='ltr'><strong>dicturum</strong></span> <span class='ocrx_word' id='word_1_211' title='bbox 942 1298 1021 1336; x_wconf 89' lang='lat' dir='ltr'><strong>puto</strong></span> <span class='ocrx_word' id='word_1_212' title='bbox 1046 1296 1129 1326; x_wconf 92' lang='lat' dir='ltr'><strong>sinu-</strong></span> 
     </span>
     <span class='ocr_line' id='line_1_29' title="bbox 121 1338 1128 1380; baseline 0.002 -12"><span class='ocrx_word' id='word_1_213' title='bbox 121 1338 206 1369; x_wconf 87' lang='lat' dir='ltr'><strong>osius</strong></span> <span class='ocrx_word' id='word_1_214' title='bbox 230 1342 325 1379; x_wconf 89' lang='lat' dir='ltr'><strong>atque</strong></span> <span class='ocrx_word' id='word_1_215' title='bbox 349 1340 519 1377; x_wconf 62' lang='lat' dir='ltr'><strong>sollertius,</strong></span> <span class='ocrx_word' id='word_1_216' title='bbox 543 1340 569 1370; x_wconf 88' lang='lat' dir='ltr'><strong>si</strong></span> <span class='ocrx_word' id='word_1_217' title='bbox 594 1341 665 1380; x_wconf 89' lang='lat' dir='ltr'><strong>quis</strong></span> <span class='ocrx_word' id='word_1_218' title='bbox 687 1351 772 1371; x_wconf 74' lang='lat' dir='ltr'><strong>nimo</strong></span> <span class='ocrx_word' id='word_1_219' title='bbox 791 1341 914 1372; x_wconf 87' lang='lat' dir='ltr'><strong>adesset</strong></span> <span class='ocrx_word' id='word_1_220' title='bbox 934 1339 1128 1380; x_wconf 78' lang='lat' dir='ltr'><strong>Stoicorum3</strong></span> 
     </span>
     <span class='ocr_line' id='line_1_30' title="bbox 120 1383 1127 1426; baseline 0.002 -14"><span class='ocrx_word' id='word_1_221' title='bbox 120 1383 204 1413; x_wconf 82' lang='lat' dir='ltr'><strong>nosti</strong></span> <span class='ocrx_word' id='word_1_222' title='bbox 228 1384 325 1421; x_wconf 83' lang='lat' dir='ltr'><strong>enim,</strong></span> <span class='ocrx_word' id='word_1_223' title='bbox 349 1385 451 1422; x_wconf 83' lang='lat' dir='ltr'><strong>credo,</strong></span> <span class='ocrx_word' id='word_1_224' title='bbox 477 1385 609 1415; x_wconf 84' lang='lat' dir='ltr'><strong>verbum</strong></span> <span class='ocrx_word' id='word_1_225' title='bbox 634 1385 713 1415; x_wconf 87' lang='lat' dir='ltr'><strong>illud</strong></span> <span class='ocrx_word' id='word_1_226' title='bbox 736 1387 827 1416; x_wconf 90' lang='lat' dir='ltr'><strong>vetus</strong></span> <span class='ocrx_word' id='word_1_227' title='bbox 852 1387 883 1416; x_wconf 86' lang='lat' dir='ltr'><strong>et</strong></span> <span class='ocrx_word' id='word_1_228' title='bbox 906 1385 1127 1426; x_wconf 82' lang='lat' dir='ltr'><strong>pervolgatum</strong></span> 
     </span>
     <span class='ocr_line' id='line_1_31' title="bbox 79 1426 440 1466; baseline 0.006 -9"><span class='ocrx_word' id='word_1_229' title='bbox 79 1438 105 1458; x_wconf 77' lang='lat' dir='ltr'><strong>so</strong></span> <span class='ocrx_word' id='word_1_230' title='bbox 119 1426 232 1466; x_wconf 64' lang='lat' dir='ltr'><strong>(Arist.</strong></span> <span class='ocrx_word' id='word_1_231' title='bbox 247 1438 313 1459; x_wconf 78' lang='lat' dir='ltr'><strong>ran.</strong></span> <span class='ocrx_word' id='word_1_232' title='bbox 329 1430 440 1465; x_wconf 56' lang='lat' dir='ltr'><em>1445ss</em></span> 
     </span>
     <span class='ocr_line' id='line_1_32' title="bbox 167 1479 1128 1523; baseline 0.003 -13"><span class='ocrx_word' id='word_1_233' title='bbox 167 1479 435 1521; x_wconf 77' lang='grc' dir='ltr'><em>ἀμαθέστερόν</em></span> <span class='ocrx_word' id='word_1_234' title='bbox 463 1493 539 1519; x_wconf 76' lang='grc' dir='ltr'><strong>πως</strong></span> <span class='ocrx_word' id='word_1_235' title='bbox 567 1480 648 1513; x_wconf 73' lang='grc' dir='ltr'><strong>εἰπὲ</strong></span> <span class='ocrx_word' id='word_1_236' title='bbox 677 1481 737 1513; x_wconf 74' lang='grc' dir='ltr'><strong>καὶ</strong></span> <span class='ocrx_word' id='word_1_237' title='bbox 767 1481 1009 1523; x_wconf 75' lang='grc' dir='ltr'><em>σαφέστερον</em></span> <span class='ocrx_word' id='word_1_238' title='bbox 1034 1481 1128 1522; x_wconf 79' lang='grc' dir='ltr'><em>λέγε.</em></span> 
     </span>
    </p>
   </div>
   <div class='ocr_carea' id='block_1_3' title="bbox 190 1568 642 1602">
    <p class='ocr_par' dir='ltr' id='par_1_5' title="bbox 190 1568 642 1602">
     <span class='ocr_line' id='line_1_33' title="bbox 190 1568 642 1602; baseline 0.002 -9"><span class='ocrx_word' id='word_1_239' title='bbox 190 1570 222 1593; x_wconf 77' lang='grc'><strong>26</strong></span> <span class='ocrx_word' id='word_1_240' title='bbox 243 1568 290 1594; x_wconf 78' lang='lat' dir='ltr'><strong>cfr.</strong></span> <span class='ocrx_word' id='word_1_241' title='bbox 307 1568 381 1601; x_wconf 80' lang='lat' dir='ltr'><strong>Otto,</strong></span> <span class='ocrx_word' id='word_1_242' title='bbox 401 1569 532 1602; x_wconf 74' lang='lat' dir='ltr'><strong>Sprichw.</strong></span> <span class='ocrx_word' id='word_1_243' title='bbox 548 1578 574 1602; x_wconf 86' lang='lat' dir='ltr'><strong>p.</strong></span> <span class='ocrx_word' id='word_1_244' title='bbox 593 1571 642 1595; x_wconf 77' lang='lat'><strong>174</strong></span> 
     </span>
    </p>
   </div>
   <div class='ocr_carea' id='block_1_4' title="bbox 117 1640 1129 1773">
    <p class='ocr_par' dir='ltr' id='par_1_6' title="bbox 117 1640 1129 1773">
     <span class='ocr_line' id='line_1_34' title="bbox 189 1640 1129 1674; baseline 0.002 -10"><span class='ocrx_word' id='word_1_245' title='bbox 189 1643 203 1664; x_wconf 78' lang='grc' dir='ltr'><strong>Ξ)</strong></span> <span class='ocrx_word' id='word_1_246' title='bbox 224 1640 298 1665; x_wconf 84' lang='lat' dir='ltr'><strong>intra</strong></span> <span class='ocrx_word' id='word_1_247' title='bbox 314 1640 406 1673; x_wconf 73' lang='lat' dir='ltr'>0¹11u</span> <span class='ocrx_word' id='word_1_248' title='bbox 421 1643 436 1665; x_wconf 83' lang='lat' dir='ltr'>S</span> <span class='ocrx_word' id='word_1_249' title='bbox 457 1642 484 1666; x_wconf 85' lang='lat' dir='ltr'><strong>et</strong></span> <span class='ocrx_word' id='word_1_250' title='bbox 500 1640 602 1666; x_wconf 87' lang='lat' dir='ltr'><strong>doloris</strong></span> <span class='ocrx_word' id='word_1_251' title='bbox 619 1641 729 1667; x_wconf 80' lang='lat' dir='ltr'><strong>Cramer</strong></span> <span class='ocrx_word' id='word_1_252' title='bbox 743 1642 751 1674; x_wconf 81' lang='grc' dir='ltr'>Η</span> <span class='ocrx_word' id='word_1_253' title='bbox 767 1643 799 1666; x_wconf 81' lang='lat'><strong>‘23</strong></span> <span class='ocrx_word' id='word_1_254' title='bbox 816 1641 882 1667; x_wconf 81' lang='lat' dir='ltr'><strong>Stoa</strong></span> <span class='ocrx_word' id='word_1_255' title='bbox 900 1641 1035 1674; x_wconf 74' lang='lat' dir='ltr'><strong>Thysius;</strong></span> <span class='ocrx_word' id='word_1_256' title='bbox 1055 1641 1129 1667; x_wconf 77' lang='lat' dir='ltr'><strong>eoni-</strong></span> 
     </span>
     <span class='ocr_line' id='line_1_35' title="bbox 117 1674 1127 1711; baseline 0.002 -11"><span class='ocrx_word' id='word_1_257' title='bbox 117 1675 216 1700; x_wconf 78' lang='lat' dir='ltr'><strong>ciebam</strong></span> <span class='ocrx_word' id='word_1_258' title='bbox 243 1674 337 1701; x_wconf 80' lang='lat' dir='ltr'><strong>Stoica</strong></span> <span class='ocrx_word' id='word_1_259' title='bbox 360 1684 385 1709; x_wconf 90' lang='lat' dir='ltr'><strong>p.</strong></span> <span class='ocrx_word' id='word_1_260' title='bbox 411 1676 563 1711; x_wconf 79' lang='lat' dir='ltr'><strong>(porticu)</strong></span> <span class='ocrx_word' id='word_1_261' title='bbox 590 1679 618 1702; x_wconf 70' lang='lat' dir='ltr'><strong>nt</strong></span> <span class='ocrx_word' id='word_1_262' title='bbox 633 1684 660 1709; x_wconf 73' lang='grc' dir='ltr'><strong>Ρ.</strong></span> <span class='ocrx_word' id='word_1_263' title='bbox 682 1678 726 1708; x_wconf 84' lang='lat'><strong>39,</strong></span> <span class='ocrx_word' id='word_1_264' title='bbox 745 1678 783 1703; x_wconf 74' lang='lat'><strong>:28</strong></span> <span class='ocrx_word' id='word_1_265' title='bbox 809 1678 847 1703; x_wconf 75' lang='lat' dir='ltr'><strong>rel</strong></span> <span class='ocrx_word' id='word_1_266' title='bbox 866 1677 998 1711; x_wconf 78' lang='lat' dir='ltr'><strong>(secta),</strong></span> <span class='ocrx_word' id='word_1_267' title='bbox 1021 1677 1067 1703; x_wconf 71' lang='lat' dir='ltr'><strong>secl</strong></span> <span class='ocrx_word' id='word_1_268' title='bbox 1088 1677 1127 1702; x_wconf 63' lang='grc' dir='ltr'><strong>νά.</strong></span> 
     </span>
     <span class='ocr_line' id='line_1_36' title="bbox 118 1710 1129 1773; baseline 0.002 -37"><span class='ocrx_word' id='word_1_269' title='bbox 118 1710 394 1773; x_wconf 32' lang='grc' dir='ltr'><strong>πΡᾶζΡῙΙιιὲώΙέοιᾼ-Ᾰῗὲὶ]</strong></span> <span class='ocrx_word' id='word_1_270' title='bbox 407 1714 431 1743; x_wconf 85' lang='lat'><strong>1,</strong></span> <span class='ocrx_word' id='word_1_271' title='bbox 448 1713 615 1744; x_wconf 72' lang='lat'><strong>16‚·1711‘25</strong></span> <span class='ocrx_word' id='word_1_272' title='bbox 635 1720 719 1745; x_wconf 82' lang='lat' dir='ltr'><strong>supra</strong></span> <span class='ocrx_word' id='word_1_273' title='bbox 738 1713 839 1738; x_wconf 73' lang='lat'>‹50111</span> <span class='ocrx_word' id='word_1_274' title='bbox 855 1714 857 1745; x_wconf 65' lang='lat' dir='ltr'><strong>&#39;y</strong></span> <span class='ocrx_word' id='word_1_275' title='bbox 875 1720 908 1738; x_wconf 84' lang='lat' dir='ltr'><strong>ea</strong></span> <span class='ocrx_word' id='word_1_276' title='bbox 927 1714 970 1746; x_wconf 77' lang='lat' dir='ltr'><strong>By</strong></span> <span class='ocrx_word' id='word_1_277' title='bbox 989 1713 997 1745; x_wconf 65' lang='grc' dir='ltr'><strong>ΙΙ</strong></span> <span class='ocrx_word' id='word_1_278' title='bbox 1017 1714 1047 1738; x_wconf 87' lang='grc'><strong>31</strong></span> <span class='ocrx_word' id='word_1_279' title='bbox 1069 1712 1129 1745; x_wconf 78' lang='grc' dir='ltr'><strong>λέγε</strong></span> 
     </span>
    </p>
   </div>
  </div>
 </body>
</html>
