1291 1912
23 558 49 578 10

23 817 47 836 15

23 1039 48 1059 80

24 1261 48 1281 25

479 47 540 73 XVI
562 49 606 78 18;
628 49 659 73 19
1014 46 1075 78 185

64 132 96 160 et
120 129 326 160 mediocrium
352 130 497 161 iunctura
517 131 548 160 et
567 128 679 160 modus
700 139 879 170 congruens
899 139 970 160 cum
991 129 1076 169 prin-

65 174 156 214 cipiis
190 175 383 215 geometriae
417 174 540 205 aurium
570 184 717 204 mensura
746 173 953 204 examinatur.
1006 172 1103 204 Sede

64 217 155 249 haee
174 218 280 258 inquit
298 218 340 249 M.
361 218 481 249 Varro
501 219 623 258 (12:337
637 217 725 257 Rip.)
746 220 810 248 aut
830 218 981 249 omnino
1002 228 1075 248 non

64 262 246 294 discimus
271 265 334 294 aut
359 263 464 303 prius
485 263 718 303 desistimus,
744 273 852 302 quam
872 262 1075 303 intellega-

64 318 157 347 mus,
183 318 248 338 cur
271 307 451 338 discenda
475 308 560 338 sint.
606 306 796 347 Voluptas
821 309 947 338 autem
972 307 1076 347 inquit

64 352 123 382 vel
152 352 306 382 utilitas
335 352 469 383 talium
499 351 793 392 disciplinarum
821 352 858 382 in
882 352 1076 392 postprin-

63 396 176 437 cipiis
197 397 345 436 existit,
365 407 445 427 cum
466 396 660 436 perfectae
679 395 957 436 absolutaeque
975 398 1076 435 sunt3

63 440 101 471 in
125 441 331 481 principiis
355 451 443 472 vero
468 441 563 481 ipsis
587 441 738 481 ineptae
763 443 798 471 et
822 440 1001 471 insuaves
1022 440 1075 471 vi-

64 485 208 516 dentur.

533 546 608 578 XIX

114 607 230 640 Sumpta
250 607 367 633 historia
387 615 419 633 ex
439 607 575 634 Herodoti
594 608 665 634 libro
685 616 768 641 super
786 608 898 633 fidicine
918 608 1028 633 Arione.

131 670 233 702 Celeri
257 671 428 702 admodum
454 674 485 702 et
509 671 640 703 cohibili
661 672 802 703 oratione
822 682 1001 712 vocumque
1020 672 1076 702 filo
1089 679 1101 702 1

62 716 155 746 tereti
184 718 216 746 et
244 716 378 747 candido
405 716 545 747 fabulam
572 717 699 757 scripsit
722 715 939 747 Herodotus
964 716 1074 752 (²123)

63 771 158 801 super
185 760 312 791 fidicine
340 760 397 791 illo
424 760 552 791 Arione.
600 760 723 792 ‘Vetus'
753 761 858 802 inquit
888 761 931 792 ‘et
958 761 1102 792 nobilis2

63 803 165 835 Arion
198 807 343 836 canta-tor
375 805 491 836 fidibus
525 805 592 836 fuit.
644 804 674 836 Is
702 806 774 837 loco
803 808 834 836 et
863 805 982 846 oppido
1010 805 1102 836 Me-3

63 848 263 890 thymuaeus,
282 852 366 880 terra
386 852 481 890 atque
501 850 604 880 insula
625 850 712 881 omni
730 849 864 881 Lesbius
884 850 953 881 fuit.
992 849 1102 880 Eum4

62 893 213 924 Arionem
246 905 300 924 rex
330 893 475 925 Corinthi
504 894 676 925 Periander
703 895 840 926 amioum
869 897 1075 935 amatumque

61 937 174 969 habuit
198 939 274 969 artis
300 939 410 979 gratia.
453 938 483 969 Is
508 939 581 969 inde
605 950 622 969 a
645 950 720 980 rege
744 939 957 980 proficiscitur
976 941 1101 970 terras5

62 982 199 1013 inclutas
230 982 370 1014 Siciliam
401 986 496 1023 atque
520 982 645 1014 Italiam
674 984 782 1014 visere.
830 983 893 1014 Vbi
923 994 959 1014 eo
988 984 1102 1014 venito

62 1038 217 1067 auresque
251 1028 393 1058 omnium
427 1030 613 1068 mentesque
641 1028 675 1059 in
702 1028 868 1068 utriusque
896 1030 997 1059 terrae
1026 1039 1075 1058 111·-

63 1071 156 1102 bibus
195 1072 358 1111 demulsit,
396 1073 429 1103 in
467 1072 652 1112 quaestibus
688 1072 760 1104 istic
792 1075 824 1103 et
856 1072 1075 1113 voluptatibus

62 1115 288 1156 amoribusque
325 1116 492 1147 hominum
528 1117 597 1147 fuit.
653 1116 684 1148 Is
716 1119 785 1148 tum
819 1119 929 1158 postea
963 1117 1101 1159 grandi?

62 1161 197 1201 pecunia
220 1163 252 1192 et
276 1172 308 1192 re
332 1161 416 1192 bona
436 1162 537 1192 multa
557 1161 705 1202 copiosus
727 1160 915 1192 Corinthum
936 1162 1101 1193 instituits

61 1204 176 1243 redire,
204 1216 317 1236 navem
347 1205 447 1247 igitur
471 1208 502 1236 et
525 1207 648 1237 navitas
672 1208 709 1237 ut
731 1206 872 1237 notiores
897 1207 1075 1237 amiciores-

63 1260 124 1289 que
153 1249 213 1280 sibi
241 1249 424 1281 Corinthios
453 1250 591 1291 delegit.'
640 1249 701 1281 Sed
729 1261 782 1281 eos
808 1250 991 1282 Corinthios
1019 1250 1101 1282 h0-9

62 1293 147 1324 mine
189 1297 319 1335 accepto
362 1295 499 1335 navique
541 1295 573 1325 in
615 1294 716 1326 altum
754 1298 904 1336 proveeta
941 1296 1075 1336 praedae

135 1402 165 1424 1⁵3
177 1408 236 1433 sqq.
262 1400 351 1425 Strab⁴
368 1399 430 1425 XIH
451 1403 474 1427 -2,
492 1403 507 1425 4
527 1409 553 1433 p.
571 1402 620 1425 618
642 1399 688 1425 ΟΥ.
706 1400 723 1425 f.
739 1400 763 1425 ΙΙ
780 1402 812 1425 83
833 1400 934 1433 Hygin.
951 1400 1007 1426 fab.
1025 1403 1075 1426 194

63 1435 127 1460 astr⁴
143 1434 167 1460 11
184 1438 214 1460 17
237 1435 305 1460 Plin.
323 1435 358 1460 IX
374 1437 398 1466 8,
415 1438 447 1461 28
466 1435 537 1460 Plut.
550 1444 625 1461 conv.
639 1437 706 1468 sept,
719 1444 776 1469 sap.
790 1439 822 1461 18
832 1445 859 1469 p.
873 1439 919 1461 161
931 1436 952 1461 B
968 1436 1010 1461 Ps.
1022 1436 1075 1462 Dio

64 1469 156 1503 Chrys.
173 1473 205 1495 37
226 1470 333 1496 Aelian.
350 1473 406 1496 nat.
423 1479 466 1496 an.
482 1471 507 1496 Π
523 1474 537 1496 6
559 1471 595 1496 w
612 1474 643 1496 15
664 1471 713 1496 ΧΠ
729 1475 761 1497 45
783 1471 901 1505 Oppian.
917 1471 971 1497 hal.
984 1471 1008 1497 V
1023 1474 1074 1497 448

62 1504 179 1531 Pausan.
200 1506 237 1531 ΠΙ
257 1510 299 1537 -35,
321 1509 333 1531 ἶ
360 1506 461 1532 Fronto
481 1516 506 1540 p,
528 1509 577 1532 23?
594 1506 627 1532 N.
653 1506 737 1533 Solin.
756 1507 805 1532 ΧΠ
824 1510 856 1532 12
879 1507 951 1533 Serv.
970 1507 1007 1540 pl.
1024 1507 1074 1533 ecl.
1117 1516 1132 1538 ἰ(

62 1540 125 1566 VIII
139 1545 172 1567 55
193 1542 277 1567 schol⁴
294 1541 383 1567 Germ.
400 1543 476 1568 Arat.
493 1552 518 1576 p.
538 1545 586 1568 165
598 1542 641 1568 Br.

133 1633 148 1656 6
164 1630 274 1665 talium]
291 1632 331 1655 est
348 1630 433 1656 alium
449 1631 578 1663 «aliarum
594 1632 637 1663 αἵ)
653 1632 675 1657 «5
690 1633 697 1663 Η
714 1634 726 1656 Τ
744 1640 805 1656 cum
822 1633 919 1665 partae
934 1633 967 1657 Π
978 1634 987 1665 ΙΙ
1002 1635 1016 1657 S
1033 1632 1074 1657 di-

64 1667 162 1691 cuntur
178 1667 211 1691 Π
223 1668 231 1699 ΙΙ
248 1669 277 1691 11
300 1674 331 1691 ex
352 1666 415 1692 hist.
430 1668 519 1692 noll
534 1668 536 1699 1
554 1666 625 1692 libro
643 1666 654 1692 I
669 1675 684 1692 σ
698 1668 706 1700 Ι)
723 1670 754 1692 12
775 1666 865 1692 Celari
880 1670 896 1692 Z
918 1667 1016 1693 Celari'
1032 1670 1052 1696 Q,
1066 1693 1074 1701 Η

66 1703 97 1726 16
121 1702 206 1736 omni]
231 1701 312 1727 homo
335 1702 448 1728 Crassus
471 1705 478 1735 Γ,
503 1705 535 1727 2-2
555 1702 642 1727 Istum
663 1704 749 1730 an
774 1702 857 1728 Istinc
878 1706 894 1728 Z
918 1705 926 1736 ΙΙ
951 1706 983 1729 23
1003 1703 1073 1729 bene

66 1736 177 1763 Oramus
191 1739 199 1771 Ι]
215 1740 247 1762 24
267 1737 495 1770 amicicioresque
512 1739 569 1766 llo
584 1740 591 1770 Η
608 1740 640 1763 25
661 1746 706 1763 eos
723 1739 800 1773 qu,
821 1747 853 1764 eo
869 1749 889 1764 ω
