1266 1902
129 69 168 99 72
569 69 631 94 ΧΠΙ
652 72 682 95 15

127 161 176 189 se,
213 161 342 181 rursus
380 151 573 190 praetores
609 150 859 190 consulesque
892 151 990 180 inter
1023 160 1059 180 se
1092 151 1128 180 et

127 195 266 224 vitiant
291 196 326 225 et
350 194 532 225 obtinent.
574 193 743 233 Praetor,
766 194 837 224 etsi
861 195 1018 235 conlega
1043 204 1127 224 con-

127 239 222 269 sulis
243 240 311 277 est,
327 249 447 278 neque
466 240 677 278 praetorem
697 248 817 277 neque
837 239 1027 269 consulem
1048 238 1127 268 iure

126 293 259 323 rogare
292 285 435 322 potest,
468 284 508 312 ut
540 282 688 322 quidem
721 293 786 313 nos
819 293 837 312 a
865 282 1127 322 superioribus

127 327 340 366 accepimus
364 329 428 357 aut
451 329 536 357 ante
560 326 649 356 haec
673 328 842 366 tempora
864 328 1051 357 servatum
1071 328 1128 357 est

127 373 162 401 et
186 373 226 400 ut
250 371 286 401 in
309 371 577 401 commentario
598 370 713 401 tertio
734 370 876 401 decimo
897 369 928 400 C.
948 370 1127 401 Tuditani

127 415 179 453 (fr.
201 417 221 445 δ’
236 414 273 445 P.
293 414 370 445 ΞΗ.
390 417 415 445 et
436 414 506 454 Br.)
532 416 649 455 patet,
674 414 760 454 quia
784 415 982 455 imperium
1006 415 1127 445 minus

128 461 293 498 praetor,
321 459 439 489 maius
468 459 582 489 habet
611 459 755 496 consul,
784 460 819 489 et
846 470 864 489 a
892 459 1034 489 minore
1064 459 1127 489 im-

127 503 231 542 perio
262 503 380 533 maius
409 505 471 533 aut
500 503 617 533 maior
642 503 681 543 <a
704 503 867 542 minore>
892 503 1048 543 conlega
1071 513 1127 533 ro-

127 547 207 587 gari
229 547 308 577 iure
327 557 401 577 non
420 549 554 587 potest.
596 546 672 577 Nos
692 547 749 577 his
769 547 1004 587 temporibus
1024 557 1128 587 prae-

126 594 207 621 tore
244 593 438 631 praetores
476 593 626 622 creante
659 593 826 621 veterum
860 591 1127 622 auctoritatem

127 646 252 665 sumus
290 635 411 666 secuti
445 646 564 675 neque
597 635 654 665 his
688 635 854 666 comitiis
887 635 924 665 in
957 635 1127 675 auspicio

126 679 274 709 fuimus.
326 679 507 710 Censores
541 690 655 719 aeque
687 690 760 709 non
791 679 917 710 eodem
946 681 1128 720 rogantur

126 724 298 763 auspicio
336 725 448 763 atque
486 724 661 754 eonsules
699 725 733 754 et
770 725 972 764 praetores.
1027 723 1127 754 Rels

127 778 283 807 quorum
320 768 612 808 magistratuum
650 767 792 798 minora
831 769 917 798 sunt
949 767 1126 808 auspicia.

126 811 218 842 Ideo
252 812 319 842 illi
351 812 544 851 minores,
578 812 619 842 hi
652 811 825 842 maiores
858 812 1127 853 magistratus

126 856 379 896 appellantur.
431 855 642 886 Minoribus
672 856 809 886 creatis
838 855 1127 896 magistratibus

126 900 284 930 tributis
319 900 486 931 comitiis
519 900 779 941 magistratus,
817 900 879 930 sed
911 901 1035 930 iustus
1068 910 1128 930 eu-

126 944 223 974 riata
252 944 361 975 datur
388 945 484 985 legeg
518 944 677 975 maiores
706 944 932 975 centuriatis
961 944 1127 975 comitiis

125 988 234 1019 fiunt.

101 1042 116 1064 5
193 1032 241 1062 Ex
271 1032 320 1062 his
350 1032 495 1062 omnibus
524 1032 628 1062 verbis
652 1031 833 1063 Messalae
858 1032 1059 1062 manifestum
1083 1032 1128 1067 fit,

127 1079 158 1107 et
186 1077 241 1116 qui
270 1077 332 1107 sint
356 1077 559 1117 magistratus
583 1076 719 1107 minores
745 1078 775 1106 et
800 1076 1003 1116 quamobrem
1029 1076 1126 1106 mino-

101 1130 174 1152 ores
212 1121 418 1161 appellentur.
480 1119 540 1151 Sed
577 1123 608 1151 et
645 1120 808 1161 conlegam
847 1131 914 1151 esse
951 1122 1126 1160 praetorem

102 1165 248 1196 Teonsuli
273 1165 377 1204 docet,
404 1165 487 1204 quod
512 1165 620 1195 eodem
644 1165 784 1205 auspicio
810 1166 961 1195 creantur.
1008 1164 1127 1194 Maiora

126 1211 230 1239 autem
260 1209 408 1239 dicuntur
435 1209 574 1248 auspicia
603 1208 729 1248 habere,
758 1209 832 1248 quia
856 1219 963 1239 eorum
988 1209 1127 1248 auspicia

126 1253 226 1294 magis
250 1255 317 1283 rata
342 1254 415 1283 sunt
439 1264 533 1293 quam
557 1252 699 1283 aliorum.

197 1369 211 1391 9
232 1366 284 1392 Cic.
302 1366 337 1391 ad
352 1367 408 1391 Att.
424 1365 460 1391 IX
476 1368 499 1397 9,
516 1368 544 1393 3:
566 1368 604 1397 15,
621 1368 635 1390 2

196 1476 210 1497 :5
236 1472 294 1506 aut]
320 1473 347 1497 et
371 1472 513 1505 Scioppius
535 1473 543 1504 ΙΙ
567 1474 582 1496 9
606 1471 694 1496 maior
718 1479 733 1495 a
756 1471 860 1496 minore
886 1471 969 1496 Hertz
991 1471 1127 1504 (Psyhius)

126 1508 228 1533 maiore
255 1515 334 1532 ⁴-rem
358 1509 385 1534 Z>
412 1517 431 1532 ω
460 1507 548 1532 maior
573 1507 619 1532 Gr.
648 1507 746 1531 maiori
775 1508 804 1537 (s.
829 1508 879 1539 —re]›
906 1507 986 1531 Mms.
1014 1506 1126 1531 maioris

126 1543 250 1568 Huschke
267 1544 269 1575 Ι
287 1550 384 1576 rogare
399 1552 416 1575 γ
431 1544 438 1575 ΙΙ
456 1545 485 1567 13
506 1543 589 1574 atque
605 1543 627 1567 ό
646 1550 741 1575 aequo,
762 1550 814 1567 non
838 1542 927 1567 Vassis
941 1543 949 1575 Η
965 1544 996 1566 18
1014 1542 1061 1566 sed
1076 1542 1125 1567 del.

126 1579 250 1603 Huschke
274 1587 307 1602 m.
329 1580 447 1611 (ratus)
468 1579 495 1603 et
514 1577 530 1602 ii
552 1578 794 1603 Bnettner-Wobsz
816 1578 818 1610 Ι
840 1578 882 1602 ius
901 1577 935 1601 iis
954 1577 1065 1602 Ouzrens
1083 1576 1126 1601 ius

127 1615 185 1638 eius
201 1614 323 1638 Niebuhr
343 1613 385 1637 ius
404 1615 463 1638 tum
484 1613 567 1638 Hertz
590 1620 662 1645 mag.
683 1614 725 1638 est
743 1613 839 1643 iustus,
860 1612 967 1637 curiata
987 1612 1011 1637 d.
1032 1611 1048 1636 l.
1069 1620 1126 1636 ma-

127 1648 243 1680 ioribus,
266 1648 434 1681 <cermel-es>
455 1647 615 1673 centuriatis
636 1648 700 1673 Καη
721 1649 729 1680 Η
749 1650 780 1673 23
801 1647 1000 1680 apr'poellantur
1018 1648 1126 1672 zo11x

1144 559 1168 578 10

1144 780 1168 798 15

1143 1000 1168 1018 20

1142 1221 1167 1239 25
