1266 1902
122 86 163 117 38
581 86 630 111 ΧΠ
650 89 664 111 5

187 166 292 207 Atque
327 166 401 198 hino
434 178 562 198 exorsus
596 167 633 197 de
666 166 773 197 dolore
806 169 900 207 atque
933 167 970 197 de
1004 167 1124 207 gemitu

94 210 219 242 vstoici
253 211 446 253 aegrotantis
474 212 519 242 ita
547 211 706 242 disseruit:
741 210 885 241 ⁹Natura’
915 211 1018 251 inquit
1047 211 1123 241 ‘om-

120 256 206 286 nium
231 266 344 295 rerum,
369 266 448 295 quae
472 266 529 286 nos
554 256 672 296 genuit,
697 255 799 285 induit
818 255 909 285 nobis
929 255 1123 295 inolevitque

119 300 153 330 in
176 300 253 339 ipsis
278 300 384 330 statim
410 300 586 340 principiis,
613 299 728 339 quibus
752 300 818 330 nati
842 310 958 338 sunum,
983 309 1121 330 amorem

119 344 219 374 nostri
257 346 288 374 et
323 344 484 374 caritatem
518 345 561 374 ita
594 354 736 384 prorsus,
773 346 808 374 ut
840 343 920 374 nihil
953 344 1122 383 quiequam
1150 356 1162 374 5

119 390 201 418 esset
225 388 326 418 carius
351 388 541 428 pensiusque
565 388 657 418 nobis
678 399 772 428 quam
790 390 916 418 nosmet
936 388 1004 428 ipsi,
1027 390 1122 427 atque

119 432 179 462 hoe
208 443 274 463 esse
303 432 543 463 fundamentum
572 434 671 463 ratast
699 432 930 462 conservandae
956 431 1121 462 hominum

118 477 351 516 perpetuitatis,
390 477 415 507 si
453 477 669 516 unusquisque
706 478 863 515 nostrum,
901 476 995 506 simul
1028 477 1122 516 atque

118 521 219 551 editus
244 521 277 551 in
300 521 402 551 lucem
426 521 517 561 foret,
544 521 655 551 harum
680 521 766 561 prius
790 531 894 551 rerum
919 531 1046 550 sensum
1070 520 1120 550 ad<

118 565 350 605 fectionemque
374 567 508 605 caperet,
532 576 611 605 quae
636 576 653 595 a
677 565 835 595 veteribus
860 564 1058 604 philosophis
1083 564 1120 595 τὰ
1136 577 1161 595 10

117 615 229 650 πρῶτοι
252 610 331 640 κατὰ
356 610 459 650 φύσιν
482 610 642 650 appellata
666 611 751 640 sunt:
776 610 811 639 ut
834 608 980 639 omnibus
1001 608 1121 639 scilieet

118 654 257 694 corporis
287 654 335 684 sui
364 654 537 684 commodis
567 654 729 695 gauderet,
757 653 797 683 ab
822 652 1031 683 incommodis
1056 663 1120 683 om-

116 697 209 728 nibus
229 697 419 728 abhorreret.
462 697 575 729 Postea
594 709 650 738 per
669 698 861 728 incrementa
880 697 991 728 aetatis
1011 698 1120 727 exorta

117 753 133 772 e
158 742 331 773 seminibus
356 743 419 772 suis
444 743 556 773 ratiost
580 744 610 773 et
633 742 742 772 utendi
766 741 890 772 consilii
909 741 1067 781 reputatio
1088 743 1119 771 et

115 786 291 817 honestatis
315 787 525 827 utilitatisque
549 798 639 817 verae
661 786 888 826 contemplatio
909 785 1118 825 subtiliorque
1134 796 1158 815 15

115 833 146 861 et
179 831 373 871 exploratior
401 831 639 862 commodorum
668 830 1046 869 <incommodorum>que
1075 829 1118 859 di-

114 875 228 914 lectus3
252 877 346 915 atque
371 876 415 905 ita
439 886 512 915 prae
538 875 647 905 ceteris
673 874 819 905 omnibus
844 874 958 905 enituit
982 875 1012 904 et
1032 884 1116 914 prae-

114 919 203 949 fulsit
234 919 338 950 decori
367 921 398 950 et
427 919 550 950 honesti
580 919 716 960 dignitas
745 930 794 958 ao,
828 919 853 949 si
882 919 910 949 ei
938 918 1117 948 retinendae

115 963 342 994 obtinendaeve
361 964 597 994 incommodum
617 964 810 994 extrinsecus
825 962 954 1002 aliquod
970 962 1118 1001 obstaret,

114 1009 331 1048 contemptum
361 1009 421 1047 est3
449 1019 551 1047 neque
579 1008 665 1038 aliud
691 1018 757 1038 esse
782 1018 853 1038 vere
878 1009 908 1037 et
932 1006 1118 1046 simpliciter
1131 1017 1157 1036 20

114 1051 232 1082 bonum
266 1052 326 1082 nisi
359 1052 541 1091 honestum,
574 1052 660 1083 aliud
693 1052 862 1092 quicquain
892 1051 1023 1090 malum,
1055 1050 1115 1081 nisi

113 1096 198 1135 quod
230 1098 323 1136 turpe
355 1099 449 1136 esset,
482 1097 697 1127 existimatum
731 1098 785 1127 est.
837 1095 970 1135 Reliqua
1001 1095 1115 1134 omnia,

113 1150 192 1180 quae
220 1140 254 1170 in
282 1140 385 1171 medio
414 1141 518 1171 forent
546 1151 581 1171 ao
605 1151 706 1180 neque
730 1140 863 1170 honesta
887 1141 990 1170 essent
1013 1149 1115 1178 neque

111 1185 229 1224 turpia,
267 1195 368 1224 neque
404 1185 486 1215 bona
519 1196 586 1216 esse
618 1196 719 1225 neque
752 1185 834 1215 mala
867 1184 1025 1214 decretum
1059 1184 1113 1213 est.

112 1228 339 1259 Productiones
364 1231 469 1259 tamen
493 1232 524 1260 et
543 1229 710 1260 relationes
730 1229 794 1259 suis
815 1238 956 1268 quaeque
975 1238 1113 1257 momen<
1130 1239 1153 1257 25

111 1273 151 1303 tis
177 1273 342 1303 distinctae
366 1273 547 1314 divisaeque
572 1276 653 1309 sunt,
678 1284 757 1313 quae
781 1271 967 1313 προηγμένα
987 1273 1018 1302 et
1037 1270 1114 1301 ἀπο-

110 1316 298 1357 προηγμένα
335 1318 395 1358 ipsi
428 1320 549 1348 vocant.
606 1317 775 1358 Propterea
808 1317 954 1356 voluptas
987 1326 1114 1355 quoque

111 1363 142 1391 et
166 1361 263 1397 dolor,
288 1362 373 1401 quod
396 1362 435 1392 ad
458 1362 553 1392 finem
577 1362 682 1402 ipsum
707 1361 785 1392 bene
810 1361 962 1400 beateque
987 1359 1113 1390 vivendi

112 1406 256 1444 pertinet,
282 1408 312 1436 et
337 1406 369 1436 in
393 1406 503 1436 mediis
528 1407 636 1437 relicta
661 1408 691 1436 et
715 1416 816 1445 neque
839 1405 872 1434 in
896 1404 987 1435 bonis
1012 1415 1113 1443 neque

84 1450 143 1479 Sin
168 1450 258 1480 malis
283 1450 419 1480 iudicata
444 1452 524 1481 sunt.
569 1449 629 1480 Sed
654 1450 737 1480 enim
762 1449 910 1490 quoniam
933 1448 982 1479 his
1003 1448 1112 1488 primis
1127 1460 1152 1478 30

181 1526 213 1547 26
234 1523 287 1548 Cic.
305 1524 348 1548 fin,
364 1523 401 1549 ΙΠ
418 1526 457 1556 15,
473 1527 519 1555 51;
536 1527 576 1556 16,
593 1527 624 1549 52
644 1523 681 1549 IV
697 1525 737 1555 26,
754 1525 785 1548 72

182 1592 193 1614 1
216 1589 249 1614 de
266 1590 356 1623 prius]
377 1591 405 1615 et
425 1590 457 1618 αι
477 1599 525 1616 om.
541 1592 586 1615 XZ
605 1591 614 1623 ΙΙ
634 1592 647 1615 7
668 1589 737 1623 esse]
758 1590 799 1614 est
819 1591 838 1617 0,
862 1596 920 1614 esse
940 1589 1014 1622 quod
1032 1590 1055 1612 X
1071 1588 1074 1621 Ι
1092 1587 1109 1612 f.

109 1625 246 1658 rata(e)st]
264 1624 374 1653 QBN02·
391 1625 408 1650 f*
425 1626 486 1650 rata
500 1628 517 1650 Z
532 1626 714 1658 fundata(e)st
729 1625 814 1650 011x
827 1625 836 1657 ΙΙ
853 1626 883 1649 16
899 1623 1050 1657 exploratio
1065 1625 1088 1647 X
1106 1623 1108 1656 l

109 1661 197 1692 suppl.
216 1661 270 1686 ΒΗ.
291 1661 299 1693 ΙΙ
319 1663 351 1685 22
371 1661 445 1693 quod
466 1662 493 1686 et
513 1663 559 1685 ox
578 1662 586 1693 ΙΙ
605 1664 637 1686 25
657 1660 810 1686 relaxiones
830 1662 849 1684 Β
873 1659 1035 1685 reiectiones
1055 1659 1109 1684 Ste-

109 1695 217 1727 phanus
230 1697 238 1727 Η
254 1698 286 1720 26
305 1696 576 1721 ΠΡΟΗΓΟΥΜΕΝΑ
592 1695 637 1721 ΕΤ
652 1696 712 1729 (ΚΑΙ
728 1696 782 1727 fere
795 1696 823 1728 γ)
840 1693 1110 1720 ΑΠΟΠΡΟΗΓΟΥ-

111 1731 201 1756 ΜΕΝΑ
221 1732 276 1762 fere
295 1741 315 1755 ω
334 1740 400 1757 corr.
423 1739 438 1759 ς
459 1732 467 1764 ΙΙ
489 1733 521 1756 29
541 1732 681 1764 pertinent
700 1730 737 1756 X²⁵
757 1731 765 1763 Η
787 1733 819 1755 30
840 1739 863 1762 q*
885 1730 913 1755 in
931 1732 955 1754 X
978 1737 1061 1762 quom
1080 1732 1111 1754 ut

109 1774 209 1798 semper
223 1768 246 1790 N
265 1765 338 1798 quod
354 1768 374 1794 0,
