1291 1912
549 67 585 93 XI
607 70 651 98 17;
674 70 704 93 18
1089 66 1128 96 21

579 148 671 180 XVII

120 202 193 233 Quid
221 202 359 235 significet
389 201 417 227 in
441 202 581 227 veteribus
606 202 765 234 praetorum
790 200 901 226 edictis:
933 200 990 233 ‘qui
1017 199 1132 225 flumina

155 238 272 263 retanda
292 237 404 270 publice
423 237 569 270 redempta
590 237 714 263 habent'.

186 291 322 323 Edicta
364 295 532 323 veterum
573 294 791 332 praetorum
830 290 1012 322 sedentibus
1050 290 1156 321 fortel

93 349 105 369 5
120 337 213 368 nobis
251 337 285 367 in
323 336 516 367 bibliotheca
554 336 665 377 templi
698 335 825 367 Traiani
863 338 894 366 et
931 335 1017 366 aliud
1056 335 1131 375 quid

121 381 346 422 quaerentibus
376 391 447 412 oum
476 382 509 412 in
538 392 650 411 manus
678 381 877 419 incidissem,
906 380 1011 421 legere
1037 383 1132 420 atque

121 436 313 467 cognoscem
349 426 477 456 libitum
516 428 570 456 est.
627 425 708 456 Tum
746 425 779 456 in
813 424 972 465 quodam
1006 424 1157 455 edicto2

120 470 339 510 antiquiore
371 471 417 501 ita
449 470 602 510 scriptum
636 470 828 501 invenimus:
867 468 937 506 Qui
970 469 1132 499 flumina

120 515 278 546 retanda
297 515 450 555 publice
469 515 663 555 redempta
683 514 837 553 habent,
854 514 884 544 si
905 513 989 554 quis
1005 524 1131 544 eorum

83 572 107 591 ιο
122 559 165 590 ad
190 571 244 590 me
267 560 424 590 eductus
444 559 576 595 fuerit,
600 559 663 599 qui
684 559 846 598 dicatur,
871 558 969 598 quod
989 569 1069 589 eun]
1090 569 1132 588 ex

122 604 205 645 lege
234 604 442 637 locationis
471 604 596 635 faeere
626 603 857 644 oportuerit,
885 613 958 633 non
987 603 1132 633 fecisse.

121 647 293 679 Retanda
317 649 416 690 igitur
439 648 516 689 quid
540 650 637 688 esset,
661 648 879 688 quaerebatur.
1144 654 1158 677 3

187 692 278 724 Dixit
306 692 351 723 ibi
381 693 539 733 quispiam
568 693 735 724 nobiscum
765 692 876 723 sedens
901 692 1020 722 amicus
1045 699 1159 722 nieus4

121 737 155 768 in
187 738 270 768 libro
305 748 337 768 se
371 737 464 768 Gavi
498 738 540 768 de
574 738 723 779 origine
756 737 1029 768 vocabulorum
1062 735 1133 766 VH.

83 794 106 813 ιε
122 783 174 822 (fr.
193 785 211 813 7
226 782 277 816 L.)
302 782 418 823 legisse
443 782 548 813 ‘retas'
574 782 681 813 vocari
704 782 846 821 arbores,
874 792 954 822 quae
977 783 1032 811 aut
1055 781 1133 821 ripis

122 826 290 857 fluminum
328 827 503 858 eminerent
540 829 595 857 aut
632 827 664 857 in
701 827 798 857 alveis
837 837 945 857 eorum
982 827 1135 864 extarent,

122 871 362 911 appellatasque
386 882 454 902 esse
478 882 496 902 a
518 872 649 905 retibus,
674 871 759 912 quod
782 873 1019 911 praetereuntes
1038 880 1134 900 naves

123 915 303 956 inpedirent
327 918 358 946 et
382 916 471 956 quasi
494 916 674 951 inretirent:
699 916 879 955 idcircoque
900 925 967 945 sese
986 914 1134 945 arbitrari

123 960 276 991 ‘retanda'
306 960 439 991 fiumina
466 961 565 991 locari
594 960 688 991 solita
717 971 797 999 esse,
825 960 858 990 id
886 962 934 990 est
960 959 1134 1000 purganda,

82 1016 107 1035 ρο
122 1015 162 1035 ne
186 1005 262 1045 quid
286 1006 340 1035 aut
365 1016 472 1036 morae
496 1007 551 1035 aut
574 1005 708 1046 periculi
732 1004 866 1035 navibus
888 1005 920 1035 in
941 1015 977 1034 ea
997 1003 1135 1044 virgulta

122 1049 336 1080 incidentibus
360 1049 458 1080 fieret.

124 1154 184 1185 Qua
208 1162 298 1187 poena.
322 1154 411 1180 Draco
431 1155 611 1181 Atheniensis
635 1155 664 1180 in
687 1154 810 1189 legibus,
835 1162 903 1188 quas
928 1153 1030 1187 populo
1050 1153 1135 1178 Athe-

158 1190 249 1216 niensi
269 1190 394 1223 scripsit,
414 1190 488 1216 fures
509 1190 656 1221 adfecerit,
677 1192 705 1216 et
724 1199 779 1223 qua
798 1192 895 1223 postea
916 1189 1011 1221 Solon,
1034 1190 1062 1214 et
1081 1196 1136 1221 qua

85 1231 109 1250 25
159 1226 227 1251 item
256 1226 405 1252 decemviri
434 1227 534 1258 nostri,
564 1227 611 1259 qui
641 1226 787 1251 duodecim
815 1226 926 1251 tabulas
953 1225 1136 1258 scripserunt:

160 1263 243 1294 atque
263 1262 333 1288 inibi
354 1262 539 1295 adscriptum,
559 1262 633 1294 quod
654 1264 722 1295 aput
741 1262 896 1295 Aegyptios
916 1261 991 1286 furta
1010 1260 1089 1286 licita
1109 1261 1136 1285 et

160 1298 295 1330 permissa
315 1298 392 1330 sunt,
417 1299 486 1330 aput
505 1297 740 1323 Lacedaemonios
761 1300 853 1323 autem
874 1306 935 1322 cum
956 1296 1049 1322 studio
1069 1304 1136 1328 quo-

160 1340 213 1366 que
238 1332 380 1359 adfectata
405 1335 432 1358 et
456 1341 506 1366 pro
526 1333 657 1359 exercitio
677 1333 741 1359 utili
762 1333 915 1363 celebrata;
940 1340 971 1358 ac
991 1333 1136 1365 praeterea

160 1367 196 1393 M.
213 1368 325 1394 Catonis
346 1369 380 1395 de
399 1369 564 1402 poeniendis
584 1369 665 1394 furtis
686 1369 772 1402 digna
791 1369 925 1394 memoria
945 1367 1091 1393 sententia.

85 1433 111 1452 so
191 1422 296 1454 Draco
315 1423 520 1455 Atheniensis
540 1424 589 1454 vir
608 1424 711 1454 bonus
731 1423 895 1464 multaque
915 1434 982 1454 esse
1002 1422 1136 1463 pruden-
1149 1429 1161 1451 1

125 1467 170 1497 tia
198 1468 397 1499 existimatus
426 1471 473 1499 est
501 1469 642 1508 iurisque
671 1469 770 1499 divini
799 1470 830 1498 et
858 1467 989 1498 humani
1016 1467 1136 1507 peritus

198 1549 229 1570 15
250 1546 321 1571 Fest.
338 1556 362 1580 p.
381 1550 439 1578 273,
456 1550 488 1572 34

198 1620 211 1642 2
232 1618 279 1649 qui
302 1618 397 1644 Carrio
421 1618 495 1652 quod
516 1629 535 1643 ω
556 1621 563 1651 Η
583 1621 597 1643 3
617 1618 755 1651 reptanda
775 1628 794 1643 ω
815 1626 882 1644 corr.
900 1617 948 1643 Π2
967 1619 975 1650 Η
995 1620 1009 1642 ὁ
1030 1617 1077 1649 qui
1092 1618 1131 1641 X*

126 1656 141 1678 6
160 1653 366 1685 requirentibus
384 1663 402 1687 γ
422 1655 431 1687 Η
454 1656 485 1679 10
505 1654 595 1679 fuerat
611 1655 653 1679 ΒΖ
675 1655 683 1686 Η
706 1657 737 1679 1-2
757 1653 895 1687 reptanda
910 1655 927 1678 Z
949 1655 956 1686 Η
980 1656 1010 1678 14
1031 1652 1088 1686 gaii
1105 1651 1138 1680 ΕΞ

125 1688 203 1721 gabii
215 1690 247 1714 Π
263 1691 265 1722 Ι
283 1689 340 1714 VH.
356 1698 405 1715 om.
417 1690 440 1716 δ
454 1692 462 1722 Η
478 1693 510 1715 15
526 1689 641 1715 refertas
657 1690 679 1715 δ
696 1691 699 1722 1
717 1691 766 1715 aut
781 1698 829 1714 om.
841 1691 860 1714 B
879 1690 927 1715 aut
943 1697 975 1714 ex
987 1688 1131 1721 nour-¹}

126 1727 158 1785 ἒξ
178 1726 275 1786 ῗῗεθωιῖ
290 1726 345 1787 udis]
365 1726 459 1751 uocari
477 1727 496 1754 Q
516 1725 602 1751 lotam
617 1734 650 1751 eit
663 1726 754 1751 rotam
769 1727 786 1749 z
801 1727 809 1758 Η
825 1728 857 1751 24
875 1726 903 1751 et
918 1725 977 1758 alt]
993 1724 1018 1750 ei
1035 1724 1115 1752 Q¹Bz
1131 1725 1138 1756 ΙΙ
