1266 1902
138 75 179 105 20
594 73 631 99 XI
653 76 683 99 16

139 155 330 196 ‘multiiuga’
366 156 498 185 dicimus
528 156 559 185 et
587 155 810 185 ‘multicolora’
840 157 870 185 et
900 154 1140 185 ‘multiformia'.

88 238 91 241 .
112 199 200 231 bssed
228 210 292 230 11011
320 200 424 230 minus
449 199 586 239 inlepide
610 199 654 229 ita
678 199 846 239 diceretur,
875 210 969 239 quam
997 200 1023 230 si
1047 199 1141 230 inter-

138 244 255 285 pretari
288 254 364 274 voce
397 254 459 274 una
493 244 570 273 velis
603 245 807 282 πολυφιλίαν
834 245 889 273 aut
917 245 1142 283 πολυτροπίαν

114 291 194 320 aaut
226 289 458 328 πολυσαρκίαν.
510 286 736 326 Quamobrem,
769 298 840 318 cum
874 287 993 318 diutule
1026 288 1141 318 tacitus

138 333 171 363 in
196 332 364 372 cogitando
386 331 526 371 fuissem,
548 331 697 372 respondi
716 332 843 362 tandem
862 342 927 362 non
945 331 1043 362 videri
1063 331 1141 362 mihi

139 376 311 418 significari
331 387 399 406 eam
419 387 484 406 rem
505 386 597 416 posse
617 386 680 406 0110
699 376 828 406 nomine
848 377 879 406 et
897 375 1013 406 idcirco
1034 376 1141 406 iuncta

140 421 293 459 oratione,
331 420 407 460 quid
440 419 535 450 vellet
568 419 720 451 Graecum
753 420 784 450 id
817 420 961 460 verbum,
997 431 1141 460 pararem

139 465 248 495 dicere.

206 508 267 538 ‘Ad
292 509 407 538 multas
431 508 529 549 igitur
551 519 600 539 res
624 508 784 549 adgressio
808 519 977 548 earumque
1000 509 1141 539 omnium

139 564 242 583 rerum
267 553 349 583 actio
373 552 684 593 πολυπραγμοσύνη’
710 552 839 592 inquam
865 551 993 583 ‘Graece
1017 552 1141 593 dicitur,

139 597 177 628 de
210 608 271 636 qua
304 596 388 627 hunc
418 597 534 627 librum
565 597 764 637 conpositum
794 608 860 627 esse
888 597 1053 637 inscriptio
1082 597 1142 627 ista

115 641 277 673 vindicat.7
320 640 399 671 Tum
426 641 478 671 ille
503 641 611 681 opicus
636 641 740 671 verbis
764 641 842 671 meis
866 641 1022 671 inchoatis
1047 643 1078 671 et
1096 641 1141 671 in-

140 686 274 716 conditis
304 685 456 716 adductus
486 685 698 725 virtutemque
726 696 792 716 esse
820 686 1142 726 πολυπραγμοσύνην

139 732 238 760 ratus:
268 729 435 759 ‘hortatur'
466 730 569 769 inquit
598 729 667 760 cnos
696 729 838 769 profecto
865 730 970 760 nescio
996 730 1065 769 quis
1089 729 1142 760 hic

140 773 366 804 Plutarchus
404 774 443 804 ad
480 775 608 815 negotia
646 774 835 813 capessenda
872 775 903 804 et
935 773 973 804 ad
1006 784 1054 804 res
1089 774 1140 804 ob-

140 818 257 849 eundas
282 818 434 858 plurimas
459 828 530 848 cum
554 818 708 848 industria
732 820 763 848 et
785 818 943 848 celeritate
963 828 1141 858 nomenque

140 863 239 903 ipsius
258 862 395 899 virtutis,
420 862 456 892 de
477 874 539 902 qua
557 862 720 893 locuturus
740 864 830 901 esset,
853 862 935 892 libro
955 862 1025 902 ipsi,
1049 863 1141 892 sicuti

115 907 226 943 sdicis,
252 917 316 937 non
340 906 540 937 incommode
564 906 786 946 praescripsit.>
834 906 986 936 ‘Minime'
1012 906 1140 946 inquam

141 952 240 989 ‘verog
264 961 366 991 neque
385 951 468 981 enim
489 951 550 981 ista
570 951 698 981 omnino
718 951 817 981 virtus
838 952 892 989 est,
914 951 1002 980 cuius
1023 949 1141 981 Graeco

139 996 268 1026 nomine
304 997 526 1035 argumentum
559 995 620 1025 hoc
652 995 725 1025 libri
758 995 1004 1034 demonstratur,
1040 1005 1142 1035 neque

140 1039 184 1079 id,
219 1039 303 1079 quod
336 1041 369 1069 tu
403 1039 545 1079 opinare,
578 1041 633 1069 aut
661 1049 719 1079 ego
748 1050 798 1069 me
826 1039 928 1069 dicere
956 1039 1057 1069 sentio
1087 1041 1141 1069 aut

140 1083 368 1114 Plutarchus
392 1084 475 1113 facit.
518 1083 663 1114 Deterret
686 1083 769 1114 enim
794 1094 851 1113 nos
876 1082 935 1113 hoc
960 1083 1085 1122 quidem
1109 1083 1141 1113 in

139 1128 234 1166 libro,
268 1138 362 1167 quam
391 1130 496 1167 potest
525 1128 674 1166 maxime,
706 1138 723 1157 a
752 1128 837 1157 varia
865 1128 1082 1167 promiscaque
1111 1129 1141 1158 et

140 1183 204 1203 non
227 1172 402 1202 necessaria
422 1183 525 1202 rerum
548 1171 760 1202 cuiuscemodi
779 1172 987 1212 plurimarum
1007 1173 1038 1201 et
1057 1171 1140 1212 cogi-

114 1217 260 1248 9tatione
288 1218 319 1246 et
347 1216 507 1255 petitione.
557 1216 617 1246 Sed
646 1216 750 1246 huius'
780 1216 910 1255 inquam
940 1216 997 1246 ‘tui
1026 1216 1139 1246 erroris

140 1261 265 1300 culpam
295 1270 363 1290 esse
391 1260 541 1301 intellego
571 1261 602 1290 in
629 1271 697 1290 mea
721 1259 842 1290 scilicet
864 1260 1057 1298 infacundi&
1086 1260 1140 1299 qui

140 1316 178 1335 ne
204 1304 348 1344 pluribus
373 1305 499 1343 quidem
524 1305 626 1335 verbis
651 1304 808 1344 potuerim
832 1314 896 1334 non
920 1304 1140 1334 obscurissime

140 1349 250 1388 dicere,
275 1348 359 1388 quod
383 1359 401 1378 a
421 1347 546 1379 Graecis
571 1349 797 1389 perfectissime
821 1348 916 1378 verbo
941 1358 1004 1378 uno
1026 1350 1057 1378 et
1076 1347 1140 1388 pla-

140 1393 267 1423 nissime
292 1393 425 1423 dicitur.’

210 1492 225 1513 4
245 1488 328 1514 Macr.
343 1487 393 1513 VH
410 1491 449 1519 11,
465 1490 479 1513 3

209 1579 224 1601 4
249 1575 537 1601 UOAYCAPTdmdN
558 1578 599 1600 ΒΖ
622 1578 630 1608 Η
655 1578 668 1600 6
693 1577 720 1601 et
742 1584 790 1601 om.
812 1578 831 1603 Q
852 1577 860 1608 ΙΙ
883 1578 896 1600 7
920 1575 1053 1608 parabam
1073 1576 1116 1601 Sk.
1131 1575 1139 1609 1]

142 1615 172 1636 14
196 1613 271 1636 ratus
292 1612 346 1636 ΒΗ,
373 1612 458 1636 iratus
480 1613 521 1638 QZ
546 1611 644 1636 Tratus
660 1614 678 1635 B
698 1620 746 1637 om.
762 1620 780 1644 γ
797 1612 799 1644 1
818 1613 909 1636 orator
923 1613 942 1635 Β
959 1612 961 1644 l
980 1611 1039 1644 nos]
1055 1619 1103 1636 om.
1121 1613 1138 1635 0

139 1655 187 1671 uos
207 1648 229 1672 δ
252 1648 260 1679 Η
286 1650 316 1671 15
341 1646 376 1671 ad
399 1646 575 1672 resoluendus
598 1649 616 1671 B
640 1648 648 1679 Η
672 1649 703 1672 20
729 1648 890 1679 argumento
909 1649 949 1679 (Q)
969 1648 1011 1670 ΒΖ
1034 1647 1041 1677 Η
1066 1648 1098 1670 23
1123 1654 1140 1672 a,

139 1682 228 1715 uaria}
245 1690 260 1710 ς
280 1682 399 1707 auaritia
419 1690 447 1713 xxx.
464 1682 529 1707 -cial
545 1692 564 1706 ω
580 1684 587 1714 Η
603 1685 635 1707 24
656 1681 807 1708 cuicemodi
821 1682 858 1706 Χι
878 1681 1043 1707 eiuscemodi
1060 1690 1074 1709 ς

1157 566 1181 585 10

1156 787 1180 806 15

1156 1008 1181 1026 20

1155 1228 1180 1247 25
