1291 1912
526 106 601 132 XVII
621 110 652 132 21
1030 107 1094 138 229

87 188 202 220 rissent
229 189 351 230 argenti
380 189 456 220 facti
485 199 580 220 cenae
608 188 709 230 gratia
734 188 841 220 decem
865 188 971 229 pondo
995 188 1093 220 libras

89 232 212 264 habere.

153 275 246 308 Anno
274 277 385 308 deinde
409 279 483 318 post
506 277 640 308 Romam
666 277 825 308 conditam
851 277 1092 319 quadringente·
1103 285 1137 308 40

88 321 168 352 simo
196 321 294 353 ferme
322 324 353 353 et
379 322 585 363 nonagesimo
610 322 795 353 consulibus
819 321 926 363 Appio
952 321 1093 362 Claudio,

61 382 72 400 5
88 367 138 397 cui
158 368 403 407 cognomentum
420 365 546 397 Caudex
566 366 636 404 fuit,
655 365 754 407 Appii
773 367 859 397 illius
876 366 968 397 Caeci
987 366 1093 407 fratre,

87 412 119 441 et
141 409 247 441 Marco
271 410 384 441 Fulvio
409 410 522 442 Flacco
549 410 667 442 bellum
692 410 858 442 adversum
882 411 1007 442 Poenos
1032 411 1093 452 pri-

87 465 173 485 mum
212 457 359 496 coeptum
395 457 455 496 est,
492 466 595 495 neque
628 455 681 486 diu
714 457 787 495 post
820 454 1133 495 Callimachus‚41

86 501 180 540 poeta
200 498 396 540 Cyrenensis,
415 498 625 530 Alexandriae
645 499 729 540 apud
743 499 965 531 Ptolomaeum
985 511 1091 541 regem

87 543 262 575 celebratus
286 546 340 575 est.

46 602 71 622 10
151 587 252 619 Annis
281 588 392 619 deinde
420 590 531 628 postea
559 589 654 629 paulo
684 588 828 629 pluribus
858 599 953 628 quam
978 589 1092 630 viginti
1103 597 1136 620 42

85 641 162 672 pace
190 642 261 663 cum
290 632 405 663 Poenis
434 632 518 663 facta
546 632 730 663 consulibus
754 632 832 673 <C.>
857 633 989 664 Claudio
1015 632 1092 664 Cen-

85 675 195 716 thone,
227 675 326 717 Appii
355 676 447 708 Caeci
475 677 555 717 filio,
584 680 616 708 et
644 676 684 708 M.
715 676 903 718 Sempronio
933 677 1092 708 Tuditano

84 720 205 761 primus
234 721 375 752 omnium
400 720 433 752 L.
458 721 590 752 Livius
619 724 713 762 poeta
741 721 864 753 fabulas
894 721 1006 753 docere
1030 722 1092 753 Ro·

83 775 153 795 mae
186 766 291 806 coepit
323 767 396 806 post
429 764 633 806 Sophoclis
666 768 697 797 et
724 765 923 807 Euripidis
956 768 1091 797 mortem

45 824 69 843 15
85 809 174 840 annis
202 810 274 851 plus
300 810 365 841 fere
389 812 515 841 centum
540 813 571 841 et
595 811 772 852 sexaginta,
800 813 874 851 post
897 810 1092 841 Menandri

84 854 174 884 annis
194 854 318 885 circiter
337 855 568 896 quinquaginta
589 855 720 885 duobus.
760 854 927 886 Claudium
948 857 979 886 et
998 855 1092 886 Tudi-
1103 863 1135 886 43

83 900 193 928 tanum
223 899 367 930 consules
395 902 544 930 secuntur
572 898 606 936 Q.
632 898 778 930 Valerius
807 901 838 930 et
864 898 896 930 C.
920 899 1092 939 Mamilius,

84 942 199 983 quibus
225 945 335 974 natum
359 954 426 974 esse
451 943 485 980 Q.
510 943 672 974 Ennium
697 946 824 984 poetam
848 943 890 975 M.
915 943 1035 975 Varro
1059 945 1092 975 in

83 987 204 1027 primo
234 987 275 1018 de
304 988 427 1028 poetis
455 988 556 1019 libro
580 988 622 1027 (p.
646 990 710 1020 :259
734 987 821 1028 Rip.)
851 989 978 1029 scripsit
1006 1000 1091 1020 eum-

44 1045 69 1064 20
84 1041 158 1071 que,
186 1041 257 1062 cum
287 1033 456 1073 septimum
486 1035 517 1063 et
545 1033 778 1074 sexagesimum
807 1044 925 1064 annum
952 1033 1092 1072 haberet,

84 1075 343 1107 duodecimum
373 1077 545 1108 annalem
574 1077 738 1117 scripsisse
766 1077 861 1118 idque
890 1078 995 1118 ipsum
1020 1077 1091 1108 En-

82 1120 183 1150 nium
212 1121 246 1151 in
270 1121 396 1152 eodem
419 1121 520 1152 libro
545 1122 588 1161 (p.
608 1123 655 1161 55,
676 1121 798 1152 IHM.
818 1124 886 1153 272
900 1122 953 1159 B.)
979 1122 1089 1153 dicere.

149 1163 243 1195 Anno
268 1165 378 1196 deinde
402 1168 474 1206 post
493 1165 629 1196 Romam
655 1166 813 1197 conditam
835 1167 1090 1207 quingentesimo
1100 1175 1134 1197 44

83 1208 316 1240 undevicesimo
351 1209 402 1250 Sp.
433 1209 587 1241 Carvilius
620 1209 714 1251 Ruga
746 1211 867 1251 primus
898 1210 1020 1242 Romae
1052 1211 1090 1241 de

45 1267 69 1286 25
84 1252 257 1283 amicorum
286 1255 441 1285 sententia
470 1255 641 1285 divortium
670 1265 742 1285 cum
766 1266 864 1285 uxore
887 1255 976 1292 fecit,
1005 1255 1090 1295 quod

84 1297 190 1327 sterila
218 1300 300 1328 esset
327 1299 524 1339 iurassetque
552 1299 636 1339 apud
665 1310 809 1330 censores
838 1310 969 1330 uxorem
999 1311 1030 1330 se
1054 1300 1089 1330 li-

57 1340 193 1371 -berum
227 1343 481 1381 quaerundonim
515 1354 609 1374 causa
642 1343 771 1382 habere,
804 1343 978 1384 eodemque
1006 1354 1089 1374 anno
1100 1352 1132 1374 45

85 1384 144 1415 Cn.
159 1384 323 1417 Naevius
344 1390 437 1428 poeta
456 1387 581 1418 fabulas
605 1387 689 1428 apud
709 1388 864 1428 populum
880 1388 975 1427 dedit,
995 1399 1088 1428 quem

156 1494 185 1516 11
198 1499 256 1524 sqq,
282 1490 335 1517 Cic.
356 1491 431 1517 Brut.
451 1491 539 1517 XVHI
558 1495 589 1517 72
610 1492 688 1518 Tusc.
706 1492 717 1517 I
734 1496 756 1524 1,
773 1495 787 1518 3
808 1491 865 1518 Cat.
882 1492 944 1518 XIV
960 1495 992 1518 50
1013 1492 1087 1519 Suet.

83 1526 114 1551 fr.
131 1530 146 1552 5
158 1535 215 1559 sqq.
228 1526 258 1551 R.
368 1530 400 1552 ‘23
411 1536 470 1560 sqq.
492 1528 527 1552 IV
543 1530 566 1559 3,
583 1531 597 1552 ’2
707 1530 739 1553 ‘28
761 1527 814 1553 Cic.
831 1528 906 1553 Brut.
924 1528 973 1554 XV
988 1531 1021 1554 60

155 1619 184 1640 11
206 1614 233 1640 C.
254 1615 352 1641 addidi
368 1616 371 1649 l
389 1617 504 1642 centone
525 1626 544 1641 ω
563 1618 571 1649 Η
592 1618 622 1641 17
648 1616 688 1651 C.]
709 1616 803 1642 consul
824 1617 879 1645 Qz¹
896 1617 900 1651 l
916 1616 1036 1643 manlius
1058 1618 1089 1642 Π

82 1650 209 1676 manibus
220 1653 244 1675 X
259 1651 388 1676 manilius
405 1661 424 1676 ω
439 1660 505 1677 corr.
519 1652 649 1677 Colmmza
664 1653 673 1684 Ι]
689 1655 721 1677 20
736 1653 831 1686 ageret
841 1655 917 1677 NOX
932 1654 940 1685 Η
956 1656 986 1678 21
1000 1654 1030 1687 sss
1039 1653 1088 1678 XII

82 1687 141 1719 (sub
166 1695 217 1712 ras.
238 1686 271 1718 X)
291 1688 315 1710 X
343 1686 596 1712 duodevicesimum
621 1688 732 1714 Merula
760 1687 836 1713 XVH
855 1688 1001 1714 LMneller
1021 1690 1024 1721 Ι
1047 1690 1087 1714 at-

82 1729 135 1754 que
155 1723 175 1750 Q
189 1723 197 1754 ΙΙ
213 1725 245 1747 ‘24
264 1721 397 1747 uicesimo
417 1722 499 1748 tertio
521 1723 587 1749 Gen.
603 1723 653 1749 IV
663 1725 688 1755 3,
702 1725 720 1749 2
734 1724 742 1756 ΙΙ
757 1726 790 1748 26
810 1723 912 1749 sterilis
931 1726 951 1752 Q
967 1725 970 1757 Ι
987 1723 1087 1749 libero-

81 1765 141 1782 rum
152 1759 174 1781 Y
188 1759 196 1790 ΙΙ
211 1760 243 1782 27
259 1758 320 1789 fort.
336 1757 380 1783 hic
394 1766 496 1791 quoque
506 1761 536 1784 vut
546 1759 625 1790 1V3,
635 1760 653 1784 2
664 1759 855 1791 quaerundum
869 1761 878 1792 Η
894 1762 925 1785 28
942 1759 987 1784 Cn.
1014 1769 1054 1793 .g.
1068 1762 1087 1788 Q

82 1793 192 1818 centum
207 1795 224 1817 Z
244 1801 265 1818 c.
281 1802 300 1826 γ
317 1795 319 1825 1,
337 1792 500 1828 (primum)
521 1793 599 1819 dedit
616 1794 718 1826 Teuffel
