1291 1912
72 365 84 383 5

60 587 85 605 10

61 809 85 827 15

60 1030 86 1048 20

62 1252 87 1271 25

63 1473 88 1492 30

545 55 607 81 xm
628 58 660 81 13
1066 54 1107 86 69

566 154 643 186 xm

100 217 178 248 Quod
204 216 233 241 in
257 216 335 241 libris
360 217 542 242 humanarum
567 216 602 242 M.
624 216 756 242 Varronis
781 216 913 249 seriptum
938 217 980 241 est
1004 215 1109 241 aediles

135 254 162 278 et
186 254 345 292 quaestores
368 252 464 285 populi
484 252 602 277 Romani
622 252 649 277 in
670 252 712 277 ius
734 260 749 277 a
769 251 877 284 privato
898 251 933 277 ad
952 254 1108 285 praetorem

135 296 226 313 vocari
247 295 334 320 posse.

167 351 246 382 Cum
276 362 313 381 ex
338 351 463 392 angulis
489 351 679 392 secretisque
702 351 857 382 librorum
883 361 918 381 ac
942 350 1133 392 magistro-1

98 407 169 426 rum
194 396 227 426 in
251 395 389 426 medium
414 396 475 426 iam
501 395 667 426 hominum
692 398 723 426 et
748 396 780 426 in
804 396 906 426 lucem
932 395 993 426 fori
1016 395 1109 435 prod—

99 441 207 477 issem,
245 440 423 480 quaesitum
461 451 528 470 esse
566 440 695 470 memini
729 440 762 471 in
798 440 955 480 plerisque
989 439 1110 470 Romae

99 484 291 515 stationibus
320 485 368 515 ius
396 484 523 524 publice
552 485 733 515 docentium
762 487 817 514 aut
841 484 1110 525 respondentium,

99 540 141 559 an
169 531 318 569 quaestor
346 529 457 569 populi
481 528 618 559 Romani
647 540 664 559 a
693 531 837 570 praetore
866 529 898 559 in
928 529 976 559 ius
1004 529 1110 559 vocari

100 575 214 614 posset.
258 572 293 603 Id
316 575 422 603 autem
446 584 511 603 non
536 584 574 603 ex
595 574 695 604 otiosa
715 574 900 614 quaestione
919 573 1135 614 agitabatu1·‚2

100 618 154 648 sed
182 628 257 648 usus
286 617 368 648 forte
396 619 488 648 natae
516 618 561 648 rei
591 618 634 648 ita
664 620 743 657 erat,
775 620 811 648 ut
839 618 999 648 vocandus
1029 620 1111 648 esset

99 663 132 693 in
165 662 213 692 ius
247 664 403 702 quaestor.
455 661 530 692 Non
560 662 653 702 pauci
682 663 780 703 igitur
807 662 1034 693 existimabant
1061 662 1137 693 ius3

99 707 274 737 vocationis
304 707 337 737 in
365 717 437 737 eum
467 707 605 747 praetori
634 718 699 737 non
727 718 808 745 esse,
837 707 985 746 quoniam
1012 707 1111 747 magi-

100 753 217 782 stratus
251 751 361 791 populi
391 750 528 781 Romani
562 752 673 791 procul
706 751 803 782 (lubio
837 754 918 782 esset
950 753 981 781 et
1009 762 1111 790 neque

102 796 207 826 vocari
232 806 343 835 neque,
368 796 393 825 si
418 796 524 826 venire
549 796 659 832 nollet,
684 796 869 836 capiatque
889 795 1000 836 prendi
1025 796 1112 826 salva

100 840 200 880 ipsius
224 840 429 881 magistratus
451 840 615 870 maiestate
636 842 750 881 posset.
794 839 855 871 Sed
875 850 943 881 ego,
968 840 1022 880 qui
1042 842 1137 872 tum4

100 884 249 914 adsiduus
278 884 311 914 in
339 884 428 914 libris
453 884 493 914 M.
520 884 703 915 Varronis
731 885 791 923 fui,
820 895 891 915 cum
917 885 978 915 hoe
1002 885 1111 924 quaeri

101 928 302 968 dubitarique
330 929 638 967 animadvertissem,
666 930 785 969 protuli
813 940 925 960 unum
955 931 990 959 et
1014 929 1111 959 vice-

101 973 233 1003 simum
267 984 389 1003 rerum
422 972 682 1012 humanarum,
717 974 750 1004 in
783 984 846 1014 quo
880 974 924 1004 ita
958 974 1112 1014 scriptum

101 1017 162 1048 fuit
184 1017 376 1057 (s)·.3Mi.):
402 1017 471 1054 Qui
496 1020 727 1058 potestatem
751 1029 871 1058 neque
895 1018 1112 1049 vocationis

101 1062 235 1102 populi
272 1062 417 1092 viritim
454 1062 594 1093 habent
627 1073 746 1102 neque
780 1063 1012 1103 prensioniS‚
1049 1073 1112 1093 eos

102 1106 350 1147 magistratus
374 1117 391 1136 a
416 1107 566 1147 privato
592 1107 629 1137 in
653 1107 710 1137 ius
735 1118 884 1147 quoque
908 1107 1036 1138 vocari
1056 1109 1113 1137 est

102 1153 281 1190 potestas.
325 1150 365 1181 M.
386 1150 574 1181 Laevinus
599 1151 735 1182 aedilis
758 1152 902 1182 eurulis
923 1162 940 1182 a
960 1152 1112 1192 privato

102 1194 145 1225 ad
174 1196 386 1235 praetorem
416 1195 453 1225 in
481 1196 539 1226 ius
568 1198 623 1226 est
652 1196 823 1232 eductus:
852 1206 949 1227 nunc
977 1196 1112 1236 stipati

103 1239 222 1269 servis
251 1239 418 1279 publicis
446 1250 519 1270 non
548 1240 656 1270 modo
683 1241 817 1281 prendi
841 1251 914 1271 non
938 1243 1112 1281 possunt,

104 1283 166 1314 sed
191 1284 302 1314 etiam
327 1284 429 1314 ultro
455 1284 681 1315 submovent
705 1286 894 1325 populum.

169 1326 239 1358 Hoc
264 1327 383 1359 Varro
412 1329 445 1359 in
474 1340 508 1358 ea
537 1328 611 1359 libri
640 1332 729 1369 parte
759 1329 796 1360 de
820 1329 989 1368 aedilibus,
1018 1338 1139 1369 supra5

103 1378 140 1411 (e.
155 1374 206 1408 12,
222 1373 254 1411 bf)
275 1374 380 1403 autem
405 1373 438 1403 in
462 1373 572 1403 eodem
594 1373 677 1404 libro
699 1376 881 1414 quaestores
900 1384 1003 1413 neque
1023 1384 1113 1404 voca-

102 1416 222 1446 tionem
247 1416 362 1447 habere
386 1428 488 1458 neque
509 1418 709 1458 prensionem
731 1418 813 1448 dicit.
852 1417 994 1458 Vtraque
1014 1418 1139 1459 igituro

102 1460 175 1491 libri
212 1463 300 1500 parte
332 1462 463 1492 recitata
496 1462 529 1492 in
562 1461 746 1493 Varronis
780 1473 889 1493 omnes
923 1463 1111 1493 sententiam

103 1507 338 1544 concesserunt,
371 1509 582 1546 quaestorque
610 1507 643 1537 in
670 1507 719 1537 ius
748 1507 787 1537 ad
816 1509 992 1548 praetorem
1022 1517 1112 1538 voea-

103 1552 154 1579 tus
179 1552 234 1579 est.

174 1639 189 1661 3
209 1637 237 1661 in
257 1637 333 1662 iussa,
352 1637 438 1669 (iussu
456 1639 487 1666 Q)
505 1646 545 1671 pr.
566 1646 582 1663 a
600 1639 710 1671 pretore
729 1639 752 1664 d
765 1640 774 1671 Η
789 1642 804 1664 5
823 1637 952 1664 ludorum
968 1639 1091 1664 Eussner
1104 1638 1114 1673 ¹1

103 1674 118 1697 9
135 1672 170 1697 ad
182 1674 339 1705 praetorem
349 1681 368 1705 γ
381 1675 390 1705 H
406 1676 437 1698 12
454 1681 493 1698 ex.
506 1673 582 1699 iussu
592 1676 616 1698 X
630 1676 638 1706 ΙΙ
654 1677 686 1699 14
702 1682 756 1699 non
767 1676 839 1700 esset
849 1677 866 1698 Z
881 1676 889 1706 Ι)
906 1677 937 1700 19
953 1683 972 1700 r.
984 1674 1010 1699 h.
1021 1682 1113 1700 rerum

103 1707 215 1740 (librum
231 1707 274 1738 ΟΡ)
290 1710 310 1736 Q
328 1707 430 1733 librum
445 1717 478 1734 ss.
492 1708 530 1733 X2
550 1712 552 1741 [
567 1712 600 1734 22
619 1710 715 1735 uacari
731 1711 816 1738 9οΧι
832 1711 840 1742 Η
856 1712 888 1734 -24
906 1711 934 1735 et
948 1711 1075 1743 praetore
1091 1711 1113 1735 δ

103 1743 137 1768 de
156 1745 312 1776 praetorem
327 1744 363 1768 Χ]
381 1745 385 1777 f
401 1744 513 1777 stipatis
529 1745 622 1776 0¹11n
636 1748 667 1770 31
689 1754 752 1771 cum
772 1747 914 1771 cesserunt
929 1748 949 1774 Q
