1266 1902
173 38 237 69 216
577 39 653 65 XVII
673 42 717 72 13;
739 43 772 66 14

173 119 296 150 catione
324 120 455 159 factam,
482 131 654 160 numquam
684 121 826 161 profecto
853 122 991 152 rationes
1020 132 1056 153 ac
1079 121 1176 152 varie-

129 172 160 194 11
171 165 253 194 tates
281 164 372 194 istius
400 164 683 204 comprehensurus
708 166 762 195 est.
810 164 900 202 Quod
924 166 998 206 quia
1020 166 1175 207 longioris

172 208 402 238 dissertationis
426 210 486 248 est,
514 209 644 249 poterit,
673 209 723 239 cui
748 209 848 240 otium
872 211 932 249 est,
955 210 1091 250 reperire
1114 210 1176 241 hoc

171 252 204 282 in
233 251 264 282 Ρ.
290 251 440 293 Nigidii
470 253 766 294 commentariis,
799 264 878 293 quos
908 254 1174 295 grammaticos

171 296 333 336 inscripsit
357 297 409 335 (fr.
425 298 467 327 52
483 295 566 337 Sum).
1202 310 1214 330 5

635 384 712 415 XIV

287 444 448 471 Sententiae
468 453 500 471 ex
520 444 633 471 Publilii
652 446 744 471 mimis
764 445 883 472 selectae
902 445 1059 479 lepidiores.

146 517 157 538 1
238 507 429 538 Publilius
454 508 567 539 mimos
588 508 785 549 scriptitavit.
828 508 952 550 Dignus
971 509 1099 540 habitus
1120 512 1176 550 est,

145 552 226 591 2qui
251 552 368 592 subpar
392 552 551 583 Laberio
576 553 774 584 iudicaretur.
822 552 854 583 C.
878 555 983 583 autem
1009 553 1174 585 Caesarem

170 595 215 626 ita
238 595 390 627 Laberii
414 597 634 627 maledicentia
658 599 689 628 et
712 597 898 639 adrogantia
922 597 1113 639 offendebat,
1139 600 1176 629 ut
1190 610 1216 629 ιο

170 640 363 680 acceptiores
400 643 430 671 et
463 641 660 681 probatiores
693 641 753 672 sibi
786 652 853 672 esse
886 641 1047 672 Publilii
1080 653 1174 682 quam

170 684 322 715 Laberii
346 685 460 715 mimos
485 686 686 725 praedicaret.

145 737 159 759 3
237 728 341 760 Huius
361 729 523 760 Publilii
548 730 720 760 sententiae
743 730 889 760 feruntur
912 730 1080 770 pleraeque
1099 730 1175 771 lepi-

173 773 229 803 dae
258 775 289 804 et
317 774 354 804 ad
385 784 585 804 communem
615 785 794 804 sermonum
818 785 910 804 usum
936 775 1175 805 commendatis-

144 817 281 857 4simae‚
310 828 348 847 ex
377 818 492 858 quibus
522 820 595 849 sunt
620 819 697 848 istae
721 818 854 859 singulis
878 818 1020 849 versibus
1045 819 1175 849 circum·
1191 831 1215 850 15

170 861 319 902 scriptae,
344 873 420 902 quas
444 862 571 893 libitum
595 862 699 893 hercle
723 865 770 893 est
794 862 983 893 adscribere:

215 925 294 962 (362
315 923 376 963 DL)
411 924 547 954 malum
579 923 635 954 est
663 924 878 964 consilium,
911 925 1009 964 quod
1037 925 1175 955 mutari

698 969 771 998 non
794 970 930 1008 potest.

216 1013 284 1049 (55)
300 1011 530 1042 beneficium
547 1012 666 1043 dando
682 1012 843 1052 accepit,
856 1013 919 1051 qui
935 1013 1048 1053 digno
1064 1013 1174 1043 dedit.

215 1053 306 1096 (176)
322 1056 436 1096 feras,
455 1067 528 1086 non
546 1057 689 1097 culpes,
709 1057 805 1096 quod
821 1057 936 1087 vitari
950 1057 1023 1087 no'n
1039 1059 1174 1097 potest.
1190 1070 1216 1088 20

217 1102 305 1139 (106)
331 1101 391 1131 cui
415 1101 499 1140 plus
524 1101 628 1140 licet,
657 1111 763 1140 quam
788 1101 854 1140 pair
877 1103 945 1140 est,
971 1101 1055 1141 plus
1080 1101 1175 1141 vult,

699 1145 806 1184 quam
831 1144 931 1175 licet.

216 1190 306 1227 (104)
326 1188 449 1219 comes
473 1189 658 1219 facundus
682 1188 720 1219 sn
742 1189 803 1219 via
827 1200 892 1229 pro
912 1189 1090 1220 vehiculo
1111 1191 1175 1220 est.

215 1233 304 1271 (193)
329 1233 538 1273 frugalitas
562 1233 713 1263 miseria
737 1235 793 1263 est
816 1233 978 1264 rumoris
1003 1233 1099 1264 boni.
1236 1236 1238 1250 ¹

215 1277 309 1315 (221)
333 1276 481 1307 heredis
505 1278 622 1308 fletus
647 1277 712 1307 sub
737 1288 897 1317 persona
921 1277 1020 1308 risus
1044 1279 1107 1308 est.
1190 1289 1215 1309 25

217 1322 309 1360 (178)
333 1321 439 1352 furor
462 1322 510 1352 fit
533 1322 635 1352 laesa
659 1321 808 1361 saepius
833 1321 1029 1361 patientia.

242 1437 256 1459 8
268 1443 325 1467 sqq.
346 1434 428 1460 Macr.
444 1434 469 1459 Π
484 1437 507 1466 7,
525 1437 538 1460 7
551 1443 608 1468 sqq.
688 1437 718 1460 17
731 1443 788 1467 sqq.
809 1434 856 1460 cfr.
874 1434 946 1466 Otto,
967 1434 1098 1467 Sprichw.
1114 1443 1134 1460 s.
1151 1443 1173 1459 v.

243 1534 255 1556 1
276 1531 409 1563 ueritates
429 1534 449 1560 Q
467 1533 475 1564 Η
495 1534 509 1556 5
535 1531 646 1564 scripsit
663 1534 687 1556 X
706 1533 713 1564 ΙΙ
734 1534 746 1556 7
771 1530 850 1564 publi
870 1534 893 1555 X
912 1532 920 1564 ΙΙ
940 1534 954 1556 8
974 1531 1089 1556 Publius
1108 1533 1152 1564 yQ
1170 1531 1172 1565 Ῑ

171 1566 327 1600 dignusque
335 1576 365 1600 Ἀ
383 1570 397 1592 9
407 1567 508 1592 cesaris
517 1568 555 1601 <511
564 1570 593 1592 11
605 1568 632 1592 et
640 1566 715 1600 prob.
725 1575 773 1593 om.
781 1567 819 1600 δη
829 1569 858 1591 11
869 1570 891 1591 et
902 1569 932 1591 13
942 1566 1031 1599 publii
1040 1577 1060 1592 ω
1069 1568 1077 1599 lj'
1086 1569 1118 1591 14
1127 1567 1175 1591 ad-

172 1602 441 1627 commodatissimae
458 1603 545 1627 Macr.
562 1604 569 1635 ΙΙ
586 1605 616 1627 1ῠ
635 1602 831 1635 circumspecte
847 1604 863 1625 Z
878 1603 886 1634 ΙΙ
903 1604 932 1626 17
945 1610 980 1635 sq.
996 1610 1044 1627 om.
1063 1603 1151 1627 Maer.
1166 1602 1174 1635 Η

172 1640 204 1662 20
221 1637 316 1670 culpas
332 1638 353 1663 δ
370 1638 372 1671 Ι
390 1637 491 1662 mutari
507 1638 595 1664 Macr.
611 1640 619 1670 ΙΙ
634 1640 665 1663 ‘21
682 1637 828 1670 plusquam
844 1637 905 1662 uult
920 1645 1000 1670 quam
1018 1638 1040 1663 d
1054 1638 1062 1670 ΙΙ
1077 1640 1109 1662 ’24
1124 1637 1175 1662 mi-

172 1681 254 1714 seria]
269 1680 306 1705 ΧΞ
322 1682 410 1707 Macr.
431 1682 536 1707 inserta
552 1692 571 1706 ω
591 1684 599 1715 Ιι
618 1685 650 1707 25
670 1676 741 1707 risa'c
758 1683 777 1709 Θ,
796 1676 867 1706 risac
882 1683 899 1705 Z
918 1682 926 1714 Η
946 1683 977 1705 26
997 1680 1085 1716 laesa]
1101 1680 1175 1706 0²X²

173 1717 261 1742 Macr.
282 1716 409 1749 inl(a)esa
425 1727 444 1742 ω
