1291 1912
522 65 571 91 XV
590 67 621 90 31
1014 65 1074 96 157

520 163 626 195 XXXI

71 224 147 256 Quae
176 223 259 250 verba
286 224 439 257 legaverint
463 224 545 251 Rodii
570 225 605 250 ad
628 224 749 250 hostium
774 225 871 250 ducem
896 224 1075 255 Demetrium,

106 268 168 285 cum
192 259 226 285 ab
251 268 283 285 eo
308 260 514 291 obsiderentur,
540 269 622 294 super
644 260 694 286 illa
715 260 821 286 incluta
840 261 925 294 Ialysi
944 260 1074 294 imagine,

137 323 264 354 Rodum
285 324 421 355 insulam
442 324 633 355 celebritatis
653 324 891 364 antiquissimae
912 324 1100 364 oppidum-1

45 379 132 408 sque
166 368 197 398 in
231 379 267 399 ea
299 368 548 408 pulcherrimum
581 369 882 409 ornatissimumque
911 368 1077 399 obsidebat

72 412 342 454 obpugnabatque
370 412 564 453 Demetrius,
596 413 658 444 dux
686 413 798 444 aetatis
827 424 901 444 suae
929 413 1078 452 inclutus,

72 457 121 487 cui
141 468 159 487 a
178 457 292 497 peritia
312 457 543 498 disciplinaque
563 457 697 489 faciendi
717 457 832 488 obsidii
848 457 1078 488 machinarum-

72 512 133 541 que
153 501 296 532 sollertia
315 501 354 532 ad
374 502 526 542 capienda
546 502 662 543 oppida
676 504 871 543 repertarum
888 513 1077 543 cognomen-

72 547 140 576 tum
157 547 384 586 Πολιορκητὴς
402 546 471 576 fuit.
510 545 591 577 Tum
611 546 656 577 ibi
675 547 707 578 in
727 546 892 577 obsidione
912 546 968 577 illa
987 546 1077 577 aedes
1089 556 1103 578 2

32 603 57 622 10
72 589 223 630 quasdam
252 590 380 630 publice
404 590 517 631 factas,
547 602 626 631 quae
650 593 737 622 extra
760 591 849 621 urbis
874 602 981 622 muros
1006 602 1077 622 cum

71 644 168 674 parvo
202 634 359 675 praesidio
393 637 494 672 erant,
527 635 657 677 adgredi
689 637 720 666 et
750 637 873 666 vastare
901 637 997 675 atque
1025 635 1078 666 ab-

71 689 193 709 sumere
228 679 294 719 igni
328 679 466 720 parabat.
518 678 555 710 In
587 679 637 710 his
670 679 799 711 aedibus
831 682 897 710 erat
925 689 1103 711 memora-3

72 723 194 754 tissima
236 723 291 753 illa
332 723 438 765 imago
481 723 577 765 Ialysi
617 724 805 765 Protogenis
847 735 943 755 manu
985 725 1078 764 facta,

71 767 214 798 inlustris
248 768 393 808 pictoris,
431 768 520 799 euius
553 769 656 809 operis
689 769 958 810 pulchritudinem
992 780 1077 809 prae-

32 826 56 844 ιε,
72 812 285 853 stantiamque
323 813 369 842 ira
405 813 543 852 percitus
576 812 686 844 Rodiis
718 813 888 844 invidebat.
944 813 1104 845 Mittunt4

72 855 167 887 Rodii
196 856 234 886 ad
262 856 461 887 Demetrium
491 857 613 899 legatos
641 868 712 889 eum
740 858 790 888 his
819 858 937 889 verbis:
972 857 1078 898 Quae,

72 901 211 940 malum,’
238 901 387 941 inquiunt
411 901 544 941 ‘ratiost,
568 904 604 932 ut
627 904 662 933 tu
686 902 857 944 imaginem
882 903 975 933 istam
1000 903 1078 933 velis

72 945 217 976 incendio
242 945 368 976 aedium
391 946 476 977 facto
501 946 700 986 disperdere?
741 946 825 978 Nam
845 947 872 978 si
891 957 949 978 nos
970 958 1078 977 omnes

72 990 270 1030 superaveris
302 992 334 1021 et
366 991 518 1031 oppidum
553 991 613 1022 hoc
643 993 746 1022 totum
775 992 907 1032 ceperis,
940 991 1079 1033 imagine

33 1047 58 1066 20
73 1044 200 1074 quoque
224 1033 278 1065 illa
302 1035 427 1076 integra
451 1037 483 1065 et
502 1035 654 1066 incolumi
673 1047 729 1076 per
747 1037 913 1067 victoriam
934 1037 1079 1077 potieris3

73 1078 123 1109 sin
155 1089 229 1109 vero
262 1090 320 1109 nos
354 1079 478 1110 vincere
511 1079 684 1111 obsidendo
714 1081 908 1121 nequiveris,
941 1081 1079 1121 petimus

74 1122 264 1162 consideres,
293 1134 332 1154 ne
361 1126 454 1164 turpe
478 1124 538 1155 tibi
563 1125 616 1164 sit,
645 1125 717 1165 quia
740 1136 805 1156 non
829 1126 970 1166 potueris
994 1125 1078 1156 bello

73 1166 193 1198 Rodios
213 1168 346 1205 vincere,
366 1167 485 1199 bellum
501 1179 572 1199 eum
588 1168 765 1211 Protogene
781 1172 907 1200 mortuo
923 1170 1078 1211 gessisse.’

73 1210 144 1242 Hoc
163 1211 217 1242 ubi
237 1223 275 1242 ex
294 1213 408 1253 legatis
428 1213 558 1252 audivit,
578 1213 814 1256 obpugnatione
834 1214 934 1245 desita
954 1216 985 1245 et
1004 1215 1079 1245 ima-
1091 1222 1105 1244 5

34 1269 58 1288 85
74 1255 140 1297 gini
165 1258 196 1287 et
220 1256 342 1287 civitati
367 1257 516 1297 pepercit.

144 1355 159 1377 4
171 1361 230 1386 sqq.
254 1352 324 1379 Plin.
342 1353 442 1378 XXXV
462 1357 501 1384 10,
522 1357 569 1379 104
589 1353 660 1380 Plut.
678 1353 797 1380 Demetr.
815 1358 847 1380 22
866 1354 1010 1388 <apophth.
1026 1354 1079 1380 De-

74 1389 150 1413 metr.
169 1390 192 1421 1)
298 1391 329 1414 16
350 1389 398 1414 xl]
415 1392 437 1420 1,
456 1392 485 1414 17
593 1392 625 1415 23
645 1390 692 1416 cfr.
709 1390 782 1421 Otto,
803 1390 934 1424 Spn‘chw.
950 1400 976 1424 p.
994 1393 1044 1415 230

145 1480 160 1503 6
180 1477 208 1502 in
228 1477 327 1503 ductus
348 1480 368 1506 Q
391 1478 504 1503 indutus
524 1480 570 1503 ZX
591 1478 696 1504 inditus
716 1479 792 1507 Q²x⁵
806 1481 814 1512 Η
830 1482 842 1504 Τ
864 1478 985 1512 pueritia
1001 1480 1058 1507 He
1075 1479 1077 1506 ι’

75 1521 128 1546 que
143 1521 191 1539 om.
209 1513 241 1541 α’
256 1515 264 1546 Η
280 1516 294 1538 9
314 1513 364 1538 illa
379 1522 428 1539 οηι.
445 1514 466 1539 d·
481 1516 489 1536 ¹¹
505 1517 535 1539 ll
555 1513 697 1540 adsumere
713 1516 775 1547 (ass.
793 1517 822 1548 Q)
838 1515 860 1541 δ
874 1516 882 1548 Η
899 1518 930 1540 12
947 1514 1044 1540 diebus
1060 1517 1080 1543 Q

72 1550 99 1582 lf‘s
115 1548 247 1574 aediebus
261 1552 285 1574 x
299 1551 307 1581 Η
324 1551 354 1574 17
375 1548 442 1574 mali
458 1550 491 1577 Q*
505 1551 514 1582 ΙΙ
530 1552 561 1574 18
576 1549 699 1576 homines
715 1551 837 1577 Eussner
851 1552 859 1584 ΙΙ
875 1554 907 1576 ‘24
923 1550 1033 1576 deserta
1049 1551 1080 1575 0¹
