1266 1902
154 33 215 64 116
604 33 667 59 XIV
687 37 700 59 3

151 115 343 146 retractandi
375 114 564 154 levandique
598 115 664 145 eius
695 115 799 155 operis
829 115 930 156 gratia
958 116 1060 145 virum
1091 115 1158 155 qui-

153 159 223 190 dem
253 158 369 199 Cyrum
403 169 541 200 gnavum
575 161 606 189 et
639 161 801 190 strenuum
834 159 932 190 fuisse
965 159 1079 190 dixerit
1108 159 1159 197 (de

153 203 222 243 leyy.
240 203 303 234 ΙΙΙ
314 205 354 233 12
366 213 396 242 p.
413 205 474 233 694
493 202 540 242 C),
561 203 711 239 παιδείας
730 201 764 233 δὲ
785 203 845 234 οὐκ
865 203 975 243 ὀρθῶς
994 201 1101 243 ἧφθαι
1122 203 1157 233 τὸ

153 247 319 287 nocem-cam
353 247 430 277 haec
461 247 543 277 enim
573 247 668 277 verba
697 249 770 278 sunt
798 248 835 278 de
865 246 946 288 Cyro
975 247 1158 278 Platonis.

127 301 141 322 5
220 291 385 322 Praeterea
418 293 532 331 putant
565 291 596 321 id
630 302 755 331 quoque
787 291 826 322 ad
860 292 932 330 ista,
970 302 1050 331 quae
1084 292 1158 330 dixi,

153 335 313 374 accedere,
342 335 427 375 quod
451 335 662 375 Xenophon
686 335 719 366 in
742 335 844 374 libris,
868 346 947 375 quos
972 336 1159 366 dictorum

153 382 266 419 atque
296 379 484 410 factorum
514 378 682 410 Socratis
711 379 1004 410 commentarios
1033 390 1160 420 compo-

154 423 230 463 suit,
263 423 364 459 (mem.
385 423 405 454 I
422 426 449 463 1,
469 424 521 462 11)
550 425 645 464 negat
675 422 857 454 Socraten
890 424 927 453 de
958 424 1036 454 caeli
1065 426 1159 463 atque

153 469 284 498 naturae
308 468 409 498 causis
433 467 674 507 rationibusque
698 478 849 508 umquam
873 468 1096 508 disputavisse,
1124 478 1160 498 ac

153 523 192 542 ne
222 511 405 552 disciplinas
432 512 559 551 quidem
584 514 715 551 ceteras,
744 523 825 552 quae
848 512 1024 552 μαθήματα
1049 511 1160 542 Graeci

154 556 330 596 appellant,
359 567 439 595 quae
469 556 507 586 ad
530 556 610 586 bene
634 555 786 596 beateque
810 556 980 586 vivendum
1004 566 1069 586 non
1093 566 1159 596 per-

154 603 278 641 gerent,
307 603 361 630 aut
385 601 530 641 attigisse
554 602 608 631 aut
632 600 867 640 comprobasse,
892 600 1072 640 idcircoque
1095 602 1160 630 tur-

155 645 237 684 piter
270 655 323 674 eos
355 645 482 674 mentiri
511 644 601 683 dicit,
634 644 688 684 qui
717 644 952 675 dissertationes
980 644 1160 675 istiusmodi

129 688 304 720 &Socrati
332 688 557 719 adtribuerent.
604 687 685 719 ‘Hoc
712 689 827 719 autem’
854 688 1002 728 inquiunt
1027 688 1159 718 ‘Xeno-

156 733 255 773 phon
293 744 364 763 cum
403 732 542 773 scripsit,
579 732 774 763 Platonem
808 733 954 763 videlicet
986 734 1089 772 notat,
1128 733 1160 763 in

155 777 244 807 cuius
268 776 358 807 libris
380 776 556 807 Socrates
579 777 710 817 physica
729 779 760 808 et
779 777 898 807 musica
919 779 949 807 et
968 777 1160 817 geometrica

130 821 300 852 7disserit.'
349 820 410 852 Sed
439 822 521 852 enim
548 821 585 852 de
608 821 683 851 viris
708 821 835 862 optimis
860 823 891 851 et
916 821 1109 862 gravissimis
1134 821 1160 851 si

156 865 344 896 credendum
369 865 430 896 hoc
453 868 507 896 aut
532 865 754 905 suspicandum
774 865 844 903 fuit,
869 876 995 896 causam
1015 865 1159 905 equidem

155 920 222 940 esse
246 909 384 940 arbitror
407 921 472 940 non
496 909 734 940 obtrectationis
758 920 815 940 nec
840 909 977 940 invidiae
1002 920 1104 949 neque
1124 909 1161 940 de

156 954 258 994 gloria
286 954 404 984 maiore
433 953 583 994 parienda
612 954 806 993 certationis;
836 953 913 984 haec
942 954 1025 984 enim
1050 954 1186 993 procule

156 1009 173 1028 a
211 998 352 1028 moribus
387 997 609 1038 philosophiae
641 997 768 1037 absunt,
805 998 838 1028 in
871 997 985 1037 quibus
1018 998 1065 1028 illi
1098 998 1160 1028 duo

157 1043 298 1072 omnium
318 1042 434 1073 iudicio
455 1042 678 1073 excelluerunt.
716 1042 802 1079 Quae
822 1042 920 1083 igitur
939 1044 986 1072 est
1001 1042 1160 1082 opinionis

130 1087 248 1117 ⁴sistius
285 1087 388 1117 ratio?
442 1086 530 1117 Haec
567 1086 708 1126 profecto
746 1088 805 1117 est:
843 1086 1059 1126 aequiperatio
1093 1086 1161 1126 ipsa

158 1131 343 1170 plerumque
366 1132 396 1161 et
416 1131 558 1171 parilitas
578 1131 730 1161 virtutum
751 1131 832 1161 inter
851 1141 918 1160 sese
938 1130 1161 1170 consimilium,

159 1175 281 1205 etiamsi
302 1175 513 1205 contentionis
534 1175 672 1205 studium
693 1177 723 1205 et
742 1176 889 1205 voluntas
907 1174 1003 1213 abest,
1024 1175 1159 1214 speciem
1177 1187 1187 1205 2

132 1227 146 1249 9
159 1222 265 1249 tamen
288 1219 509 1249 aemulationis
535 1221 625 1249 creat.
668 1218 749 1250 Nam
770 1230 840 1249 cum
861 1219 987 1259 ingenia
1007 1219 1160 1258 quaedam

159 1273 274 1304 magna
307 1263 441 1293 duorum
475 1263 652 1303 pluriumve
683 1263 715 1294 in
743 1263 881 1293 eiusdem
909 1263 954 1293 rei
983 1262 1087 1293 studio
1116 1263 1161 1293 in-

158 1307 306 1337 lustrium
331 1309 385 1337 aut
409 1307 477 1347 pari
501 1309 574 1338 sunt
597 1307 681 1338 fama
705 1309 759 1338 aut
780 1307 934 1347 proxima,
959 1307 1059 1337 oritur
1078 1306 1161 1347 apud

159 1351 299 1382 diversos
332 1351 483 1382 favisores
517 1362 625 1382 eorum
659 1351 830 1382 industriae
862 1351 1028 1390 laudisque
1061 1353 1161 1381 aestu<

117 1404 148 1427 10
160 1396 290 1426 mandae
325 1396 493 1426 contentio.
546 1395 625 1426 Tum
656 1398 766 1436 postea
793 1406 831 1425 ex
859 1395 962 1425 alieno
992 1395 1161 1425 certamine

160 1440 198 1470 ad
231 1450 284 1470 eos
318 1450 443 1480 quoque
476 1440 563 1480 ipsos
593 1440 775 1481 contagium
804 1439 985 1470 certationis
1014 1439 1162 1480 adspirat,

232 1526 364 1557 1019,ss

233 1609 244 1630 1
270 1606 331 1637 fort.
352 1605 527 1631 detractandi
547 1605 728 1638 elevandique
746 1607 748 1639 l
766 1605 852 1639 gratis
872 1607 893 1631 d*
912 1608 920 1638 Η
941 1609 954 1630 2
975 1613 1045 1631 naue
1065 1606 1098 1634 αἱ
1115 1606 1117 1638 Ι
1136 1606 1163 1631 et

160 1641 245 1666 fuisse
257 1641 278 1666 δ
292 1642 300 1673 Η
317 1644 346 1666 11
364 1641 551 1674 pertingerent
566 1642 663 1666 Triller·
677 1643 684 1674 ΙΙ
701 1644 732 1666 14
748 1641 839 1673 inquit
850 1643 869 1669 Q
884 1643 892 1673 [ι
909 1644 939 1666 16
953 1641 986 1666 de
996 1640 1112 1674 physica
1122 1650 1140 1674 γ
1155 1641 1162 1673 Η

163 1679 193 1701 17
219 1676 336 1701 deuictis
359 1677 414 1704 le
438 1678 446 1709 Η
470 1680 500 1701 21
527 1684 543 1701 a
567 1677 717 1702 maioribus
737 1677 812 1702 ‹fox
836 1678 844 1709 μ
868 1680 900 1701 22>
925 1676 1104 1702 excelluerint
1123 1679 1140 1701 Z
1155 1677 1162 1709 ΙΙ

162 1714 194 1736 29
215 1720 251 1737 an
270 1711 435 1737 inlustriae?

1176 525 1200 543 10

1176 745 1199 763 15

1176 1408 1201 1426 30
