1266 1902
168 41 232 71 220
572 43 649 69 XVII
669 45 713 76 183
735 46 766 69 19

617 158 725 190 XVIII

169 217 247 249 Quod
267 218 301 243 M.
322 218 410 244 Varro
430 218 456 244 C.
478 218 653 252 Sallustium,
675 219 808 245 historiae
828 219 1000 253 scriptorem,
1022 219 1172 253 deprehen-

203 262 263 278 sum
288 254 322 279 ab
347 254 437 279 Annio
459 254 562 280 Milone
586 255 614 280 in
639 254 776 281 adulterio
801 255 897 281 scribit
920 256 948 281 et
971 255 1037 281 loris
1062 262 1172 280 caesum

203 289 377 322 pecuniaque
397 290 464 315 data
483 289 635 315 dimissum.

234 351 274 382 M.
290 351 423 391 Varro,
443 352 475 382 in
494 353 608 384 litteris
628 355 723 393 atque
742 354 806 384 vita
825 354 887 384 fide
906 353 1002 384 homo
1022 354 1122 384 multa
1141 355 1173 384 et
1200 366 1212 385 5

168 396 282 437 gravis,
308 396 341 427 in
365 396 478 437 libro,
503 408 596 437 quem
621 398 781 438 inscripsit
805 397 893 428 Pius
917 399 980 428 aut
1004 398 1045 429 de
1070 408 1172 438 pace,

168 445 210 479 (p.
231 442 294 471 256
314 440 367 480 R.)
393 439 424 471 C.
451 440 676 472 Sallustium
701 443 886 482 scriptorem
911 442 1008 473 seriae
1032 442 1117 473 illius
1141 444 1173 473 et

168 495 293 515 severae
318 485 480 525 orationis,
503 486 536 516 in
561 486 649 516 cuius
668 486 831 517 historia
850 487 995 517 notiones
1015 486 1172 517 censorias

167 528 237 559 fieri
260 531 355 569 atque
380 530 516 560 exerceri
540 530 692 570 videmus,
715 531 748 561 in
767 531 921 561 adulterio
942 530 1172 570 deprehensum

167 573 207 603 ab
231 572 338 604 Annio
362 573 481 604 Milone
504 574 580 604 loris
604 574 684 605 bene
708 585 832 606 caesum
858 575 934 606 dicit
959 577 1003 614 et,
1027 585 1098 605 cum
1123 575 1171 605 de·
1187 586 1212 605 ιο

168 617 265 648 disset
288 618 468 658 pecuniam,
493 618 666 649 dimissum.

633 706 708 737 XIX

168 765 239 796 Quid
253 766 397 799 Epictetus
412 767 594 800 philosophus
610 767 701 793 dicere
716 767 813 793 solitus
829 767 865 793 sit
879 767 1038 793 hominibus
1053 775 1173 800 nequam

203 802 230 827 et
253 801 359 834 inpuris
385 802 547 835 disciplinas
567 802 759 836 philosophiae
779 803 902 828 studiose
921 802 1120 833 tractantibus3
1145 804 1173 828 et

202 837 347 897 gallinariam
366 837 451 863 verba
470 838 642 863 observanda
660 839 833 871 praeceperit
848 838 971 863 omnium
985 846 1075 863 rerum
1090 838 1172 871 longe
1187 843 1212 862 15

142 942 152 964 1
233 935 459 966 Favorinum
489 947 547 977 ego
572 937 678 967 audivi
702 937 804 967 dicere
828 936 1045 976 Epictetum
1070 936 1171 977 philo-

167 980 301 1020 sophum
327 981 380 1018 (fr.
396 983 435 1010 10
446 992 476 1019 p.
493 983 554 1011 410
570 980 651 1021 Sela.)
675 981 791 1011 dixisse
814 981 982 1020 plerosque
1006 981 1092 1021 istos,
1117 981 1172 1021 qui

166 1023 386 1064 philosophari
419 1025 613 1063 viderentur,
646 1025 854 1065 philosophos
885 1036 952 1055 esse
981 1025 1171 1055 eiuscemodi

167 1068 247 1098 ἄνευ
280 1073 339 1099 τοῦ
372 1068 540 1108 πράττειν,
577 1069 669 1109 μέχρι
702 1074 760 1100 τοῦ
794 1068 915 1108 λέγειν,
948 1069 980 1100 id
1013 1069 1171 1110 significat
1185 1080 1212 1099 20

140 1112 271 1143 2‘factis
300 1113 425 1152 procul,
453 1113 556 1143 verbis
583 1114 696 1144 tenus’.
742 1112 809 1143 Iam
834 1113 912 1143 illud
936 1115 983 1143 est
1006 1113 1170 1144 vehemen-

165 1157 238 1196 tius,
263 1157 347 1196 quod
367 1156 549 1187 Arrianus
575 1158 704 1188 solitum
728 1168 799 1188 eum
824 1157 967 1187 dictitare
992 1157 1025 1188 in
1045 1157 1172 1197 libris,

166 1211 245 1240 quos
270 1201 312 1231 de
337 1201 676 1232 dissertationibus
700 1202 780 1232 eius
804 1202 991 1241 composuit,
1018 1202 1170 1241 scriptum

139 1254 154 1275 3
165 1244 302 1284 reliquit.
351 1243 445 1275 ‘Nam
474 1246 557 1276 cum'
582 1246 686 1286 inquit
711 1246 985 1276 ‘animadverterat
1008 1246 1170 1276 hominem

165 1289 285 1329 pudore
309 1289 434 1329 amisso,
461 1290 631 1330 inportuna
655 1290 817 1329 industria
841 1290 998 1339 corruptis
1020 1290 1210 1330 mor1bus,2⁵

165 1333 325 1373 audacem,
350 1314 560 1364 confidentem
584 1335 695 1375 lingua
718 1336 882 1373 ceteraque
907 1334 1014 1364 omnia
1035 1335 1170 1374 praeter-

166 1388 261 1417 quam
288 1377 425 1408 animam
450 1381 686 1418 procurantem,
715 1378 904 1408 istiusmodi'
930 1378 1034 1418 inquit
1059 1377 1169 1408 ‘homi-

237 1485 250 1507 ’ἲ
263 1491 320 1515 sqq.
338 1482 410 1508 Serv.
422 1483 452 1507 A.
466 1482 501 1507 VI
513 1485 563 1507 612
578 1483 657 1513 Acro,
668 1482 777 1515 Porph.‚
789 1482 872 1507 schol.
885 1481 965 1514 Cruq.
976 1481 1039 1507 Hor.
1050 1482 1091 1507 siI
1101 1485 1124 1514 2,
1136 1484 1167 1507 41

236 1583 250 1605 5
271 1579 305 1604 M.
326 1588 375 1605 om.
392 1581 414 1604 d*
431 1580 433 1613 Ι
450 1580 509 1605 uite
528 1580 550 1605 d·
564 1581 572 1612 Η
588 1582 601 1604 6
623 1579 733 1612 scripsit
751 1589 770 1603 ω
790 1587 856 1604 carr.
873 1580 1018 1604 Burmann
1034 1580 1042 1611 ΙΙ
1057 1582 1072 1604 8
1092 1579 1155 1604 hist.

164 1615 288 1640 oratione
306 1616 336 1640 Π
353 1617 355 1647 Ι
373 1615 529 1640 notationes
546 1615 578 1643 (2²
593 1616 600 1647 ΙΙ
618 1618 648 1639 10
669 1614 779 1640 annalio
795 1615 816 1639 δ
831 1615 839 1647 ΙΙ
856 1617 886 1639 16
907 1614 1088 1640 saluberrima
1103 1614 1145 1640 Sk.
1167 1613 1170 1648 1

166 1652 196 1675 19
221 1650 352 1675 uidentur
372 1651 431 1675 ΠΧ
449 1652 451 1682 Ι
468 1650 626 1675 huiusmodi
646 1652 663 1674 Z
678 1651 686 1682 Η
701 1652 731 1674 21
753 1650 842 1682 pactis
863 1650 885 1675 δ
899 1651 907 1682 ΙΙ
923 1652 954 1674 22
975 1649 1105 1674 adrianus
1125 1650 1147 1675 δ
1161 1649 1169 1682 ΙΙ

165 1688 197 1711 23
220 1686 252 1711 de
273 1694 321 1711 om.
343 1685 403 1713 ΩΧ]
421 1687 424 1718 1
442 1685 652 1711 dissertionibus
672 1685 799 1717 (doribus
818 1686 851 1711 X)
872 1686 1001 1717 11211124
1025 1684 1169 1710 adnimad-

164 1722 256 1746 uertat
271 1723 287 1745 Z
303 1722 310 1754 Η
326 1724 358 1746 26
378 1720 503 1754 linguam
518 1723 562 1754 γρ,
576 1722 584 1753 ΙΙ
600 1723 631 1745 27
653 1720 774 1745 animum
788 1729 806 1753 y
823 1721 825 1753 1
844 1719 935 1753 inquit
949 1728 999 1746 om*
1015 1721 1037 1745 δ
