1291 1912
518 96 567 122 xx
589 100 601 123 1
1000 96 1064 128 293

56 178 88 209 id
111 180 159 209 est
182 178 259 209 iuris
284 179 367 209 inter
390 189 443 210 eos
469 179 558 219 quasi
583 178 827 210 interstitionem
853 178 1010 219 quandam
1033 181 1064 209 et

56 223 279 262 cessationem,
316 223 432 262 quibus
468 223 579 254 diebus
612 222 691 254 nihil
725 233 796 254 cum
830 222 878 254 his
912 223 964 264 agi
996 223 1063 254 iure

56 269 171 308 posset.
218 266 295 298 Post
325 267 449 307 deinde,
478 268 539 298 nisi
567 267 790 306 dissolverant,
818 267 856 298 ad
886 269 1062 308 praetorem
1075 275 1107 298 44

56 311 252 343 vocabantur
275 314 306 342 et
330 312 369 342 ab
394 322 441 351 eo,
465 312 580 352 quibus
605 314 694 343 erant
717 312 856 351 iudicati,
879 312 1063 343 addiceban—

29 366 40 386 5
55 358 121 395 tur,
148 366 246 387 nervo
276 367 403 397 quoque
427 359 482 387 aut
506 356 712 397 compedibus
736 356 964 388 vinciebantur.
1012 355 1064 387 Sic
1074 364 1107 386 45

55 401 138 431 enim
160 403 242 440 sunt,
267 401 389 441 opinor,
408 401 504 431 verba
523 401 603 442 legis
623 401 701 439 (III
713 403 824 440 1—4):
850 400 959 432 Aeris
979 411 1063 432 con-

54 445 148 476 fessi
171 444 359 485 rebusque
383 446 463 476 iure
487 446 669 476 iudicatis
691 446 854 487 triginta
874 446 952 476 dies
972 446 1064 476 iusti

55 492 175 520 sunto.
218 488 309 520 Post
333 489 466 520 deinde
491 501 619 520 manus
645 490 802 521 iniectio
828 492 922 526 esto,
946 491 984 520 in
1007 490 1064 521 ius

55 534 193 565 ducito.
244 533 292 564 Ni
325 534 533 565 indicatum
568 535 662 566 facit
695 537 758 565 aut
787 535 871 574 quis
900 535 994 565 endo
1023 545 1064 565 eo

27 579 92 609 oin
112 579 192 609 iure
213 578 389 619 vindicit,
405 590 527 609 secum
549 579 692 618 ducito,
707 579 851 610 vincito
871 582 935 610 aut
954 590 1063 610 nervo

55 625 122 654 aut
150 623 404 663 compedibus.
452 624 673 660 Quindecim
702 623 826 664 pondo
853 635 896 654 ne
920 624 1064 654 minore

55 669 119 698 aut
148 668 178 698 si
207 668 311 698 volet
339 668 481 699 maiore
510 669 663 699 vincito.
712 667 750 698 Si
776 668 893 707 volet,
921 678 987 699 suo
1012 668 1064 698 vi-

55 711 144 742 vito.
191 711 238 742 Ni
268 723 333 743 suo
363 713 474 746 vivit,
504 713 566 752 qui
594 724 674 743 eum
700 713 870 743 vinctum
895 712 1064 751 habebit,

54 755 174 787 libras
211 756 326 788 farris
362 757 456 787 endo
490 758 568 787 dies
603 757 698 788 dato.
755 756 794 788 Si
826 757 942 796 volet,
980 757 1064 797 plus

28 800 150 832 sdatO.
197 800 277 840 (III
297 804 330 841 5)
355 801 433 832 Erat
462 804 567 832 autem
596 802 644 832 ius
673 802 792 832 interea
817 801 996 842 paciscendi
1019 808 1108 837 ac‚46

53 845 116 876 nisi
140 846 225 886 pacti
244 846 357 881 forent,
381 845 581 877 habebantur
599 846 632 877 in
651 846 786 877 vinculis
807 846 872 877 dies
893 846 1062 887 sexaginta.

54 888 141 921 Inter
169 900 222 920 eos
251 890 317 921 dies
345 891 438 921 tn‘nis
464 891 613 921 nundinis
638 891 797 922 continuis
822 891 860 921 ad
885 893 1062 931 praetorem
1075 898 1107 920 47

54 934 88 964 in
112 935 276 965 comitium
300 935 566 975 producebantur,
590 938 791 975 quantaeque
814 935 966 976 pecuniae
987 934 1064 965 iudi-

55 979 116 1009 cati
142 982 255 1018 essent,
279 979 528 1020 praedicabatur.
572 979 653 1019 (III
663 981 696 1019 6)
721 979 836 1010 Tertiis
860 982 966 1010 autem
986 990 1063 1009 nun-

28 1023 138 1054 odinis
168 1024 271 1064 capite
295 1034 414 1064 poenas
439 1024 556 1055 dabant
580 1026 636 1054 aut
659 1026 745 1055 trans
770 1024 909 1055 Tiberim
935 1034 1064 1065 peregre

54 1078 171 1098 venum
205 1068 302 1099 ibant.
360 1067 421 1099 Sed
455 1079 522 1099 eam
557 1068 670 1109 capitis
703 1079 837 1109 poenam
871 1068 1065 1107 sanciendae,
1076 1075 1109 1098 48

55 1112 149 1143 sicuti
178 1112 257 1152 dixi,
287 1113 361 1144 fidei
390 1114 493 1154 gratia
521 1113 702 1144 horrificam
731 1113 908 1144 atrocitatis
938 1115 1063 1143 ostentu

54 1157 210 1198 novisque
237 1157 413 1188 terroribus
442 1158 643 1188 metuendam
672 1157 885 1188 reddiderunt.
930 1156 1014 1187 Nam
1039 1158 1064 1187 si

55 1201 162 1242 plures
190 1202 310 1241 forent,
338 1202 454 1242 quibus
482 1213 554 1232 reus
583 1204 665 1233 esset
694 1202 863 1241 iudicatus,
892 1212 1010 1241 secare,
1039 1202 1064 1232 si

29 1246 187 1285 evellent,
213 1249 308 1286 atque
333 1247 444 1287 partiri
469 1257 583 1287 corpus
607 1247 724 1277 addicti
750 1247 810 1277 sibi
834 1247 972 1277 hominis
996 1257 1063 1286 per*

55 1290 217 1321 miserunt.
264 1290 307 1322 Et
332 1292 459 1331 quidem
484 1291 579 1322 verba
604 1291 673 1331 ipsa
696 1291 776 1332 legis
801 1291 911 1331 dicam,
938 1302 976 1321 ne
1001 1291 1107 1321 existi)

55 1335 163 1365 stimes
201 1335 352 1366 invidiam
392 1347 441 1366 me
475 1336 567 1366 istam
601 1336 683 1366 forte
716 1336 886 1366 formidare
917 1335 997 1370 (III
1017 1338 1063 1370 (1'):

54 1378 196 1410 Tertiis
224 1380 330 1420 inquit
356 1380 537 1411 nundinis
562 1380 682 1420 partis
707 1383 868 1410 secanto.
917 1379 954 1410 Si
978 1379 1063 1420 plus

55 1424 225 1455 minusve
257 1427 474 1464 secuerunt,
508 1436 544 1455 se
573 1424 703 1455 fraude
733 1426 821 1455 esto.
872 1423 964 1455 Nihil
992 1432 1106 1464 pro-50

29 1467 138 1499 efecto
163 1469 316 1508 inmitius,
340 1469 421 1500 nihil
443 1469 610 1508 inmanius,
634 1469 705 1508 nisi,
728 1471 764 1499 ut
782 1480 816 1499 re
836 1469 903 1509 ipsa
923 1471 1064 1509 apparet,

55 1523 92 1543 eo
117 1513 250 1544 consilio
275 1516 363 1544 tanta
387 1514 558 1544 inmanitas
583 1524 704 1553 poenae
728 1513 912 1544 denuntiata
936 1515 997 1552 est,
1024 1524 1063 1543 ne

128 1604 140 1626 1
162 1600 232 1626 GLK
248 1601 257 1626 Ι
277 1604 318 1631 3-2,
339 1604 370 1626 10
391 1609 486 1627 comm.
504 1603 530 1626 et
547 1600 630 1626 schol.
647 1601 710 1626 Luc.
726 1600 751 1626 Π
768 1603 799 1626 18
819 1600 842 1626 Υ
858 1603 903 1631 3-23
926 1604 974 1626 115
997 1599 1063 1626 CGL

55 1635 79 1661 V
95 1639 154 1667 214,
170 1640 185 1662 6
296 1641 325 1662 11
348 1637 404 1662 Liv.
421 1636 521 1661 XXXII
537 1640 578 1668 26,
596 1639 627 1661 18

127 1720 139 1742 1
165 1726 225 1743 reos
248 1717 396 1743 Mamilius
414 1718 422 1749 [1
443 1720 457 1741 5
482 1724 620 1750 nervoque
640 1716 754 1742 Salmas.
774 1717 782 1749 H
802 1718 817 1741 8
841 1716 914 1742 Pede
936 1716 1000 1741 inde
1019 1718 1042 1741 X

56 1754 88 1778 10
107 1753 250 1779 uindictus
265 1752 301 1778 Χ]
317 1754 325 1784 Η
342 1755 371 1777 11
393 1751 506 1786 Quind]
524 1751 565 1777 CL
587 1752 664 1786 Voiyt
681 1754 684 1784 Ι
700 1752 805 1778 maiore
820 1754 869 1777 aut
884 1761 903 1777 s.
921 1761 942 1777 v.
958 1752 1064 1777 minore

55 1788 136 1814 codem
157 1789 265 1815 Cuiam
278 1790 286 1821 η
303 1791 334 1812 14
354 1787 435 1813 farris
450 1787 600 1814 Seriverius
619 1787 705 1815 fert'rti
720 1796 738 1821 y
752 1789 760 1820 ΙΙ
776 1790 808 1813 24
828 1787 1004 1813 adiudicatus
1020 1787 1063 1812 Sk.
