1291 1912
483 54 571 81 xvm
591 57 619 86 3;
638 58 654 80 4
1011 54 1073 85 237

67 138 185 170 diutius
204 148 306 179 posse,
326 137 352 168 si
371 137 592 169 huiuscemodi
612 138 774 168 anteactae
794 136 877 167 vitae
892 135 1076 167 hominibus

67 182 255 214 consiliariis
283 182 431 213 utemur?
464 181 549 222 quod
578 181 604 212 si
632 180 733 222 proba
761 181 858 212 istaec
886 182 917 212 et
943 180 1077 211 honesta

67 227 222 258 sententia
255 228 317 266 est,
349 236 467 266 quaeso
500 236 570 265 vos,
602 236 667 256 non
697 225 837 256 sinamus
866 225 997 256 eandem
1026 225 1076 256 de-

67 271 227 302 honestari
249 271 426 311 turpissimi
445 271 583 301 auctoris
604 270 772 311 contagio.'
816 269 923 310 Atque
942 269 997 300 ubi
1016 268 1103 300 hoce

41 329 52 349 ε
67 316 161 356 dixit,
193 315 290 357 elegit
323 315 424 346 virum
458 314 644 346 fortitudine
677 316 773 354 atque
803 314 925 345 iustitia
952 316 1078 354 praeter

67 360 146 391 alios
181 361 409 401 praestantem,
447 359 501 390 sed
534 359 623 400 inopi
655 359 765 400 lingua
798 360 830 389 et
862 358 1078 398 infacundum,

67 405 222 445 iussitque
259 415 329 435 eum
369 414 524 435 consensu
562 403 727 444 petituque
765 403 908 434 omnium
946 403 1077 434 eandem

68 449 155 480 illam
189 449 379 480 sententiam
413 448 523 479 diserti
554 448 628 487 viri,
661 447 800 479 cuimodi
830 449 937 488 posset
965 447 1079 487 verbis,

68 493 184 534 dicere,
212 495 248 524 ut
274 494 362 524 nulla
386 493 500 533 prioris
525 493 686 523 mentione
708 491 820 523 habita
843 492 959 523 scitum
983 494 1079 532 atque

29 551 54 571 ιο
68 538 228 569 decretum
258 537 370 578 populi
398 548 435 567 ex
464 537 531 568 eius
560 537 654 568 unius
682 536 810 567 nomine
837 536 940 576 fieret,
968 536 1023 576 qui
1047 536 1079 567 id

69 582 173 623 ipsum
200 582 303 613 denuo
328 582 456 613 dixerat.
504 581 610 622 Atque
633 582 691 620 ita,
720 583 756 612 ut
779 582 921 612 suaserat
944 581 1104 621 pruden-7

69 627 210 657 tissimus
234 637 338 665 senex,
361 626 480 657 factum
503 628 559 656 est.
602 624 654 656 Sic
674 625 757 656 bona
777 625 934 656 sententia
954 625 1105 664 mansit,8

68 671 171 712 turpis
196 672 306 702 auctor
329 672 470 701 mutatus
494 671 561 701 est.’

550 749 597 781 IV

31 818 56 838 15
71 811 149 842 Quod
169 811 308 845 Sulpicius
328 811 499 844 Apollinaris
521 811 731 844 praedicantem
751 810 889 843 quendam
910 818 926 835 a
945 818 1005 836 sese
1025 818 1080 835 uno

105 846 231 873 Sallustii
250 847 380 873 historias
401 846 528 880 intellegi
548 846 646 872 inlusit
661 846 824 879 quaestione
839 846 992 879 proposita,
1013 845 1080 878 quid

105 882 189 908 verba
208 883 267 929 ista,
282 882 357 916 apud
372 882 536 908 Sallustium
554 882 755 916 significarent:
778 882 933 915 ‘incer-tum,
953 881 1081 907 stolidior

106 926 141 944 an
161 926 256 944 vanior
272 939 276 943 .

139 980 217 1012 Cum
240 982 302 1013 iam
322 982 551 1013 adulescentuli
571 981 692 1012 Romae
711 983 908 1022 praetextam
928 983 960 1012 et
979 981 1081 1022 pueri-
1094 991 1106 1013 1

33 1039 58 1058 ιο
71 1026 135 1057 lem
163 1028 271 1067 togam
301 1028 511 1057 mutassemus
536 1026 770 1067 magistrosque
793 1028 870 1056 tunc
893 1026 986 1056 nobis
1010 1036 1081 1056 nos-

72 1073 137 1101 met
156 1071 217 1111 ipsi
236 1071 465 1111 exploratiores
486 1081 717 1111 quaereremus,
737 1071 770 1101 in
786 1069 983 1101 Sandaliario
999 1070 1081 1101 forte

72 1115 153 1155 apud
178 1115 326 1146 librarios
350 1115 477 1155 fuimus,
502 1126 574 1146 cum
598 1115 643 1146 ibi
667 1116 700 1146 in
720 1114 894 1146 multorum
914 1115 1081 1145 hominum

73 1161 165 1190 coetu
184 1159 426 1200 Apollinaris
447 1159 657 1200 Sulpicius,
681 1160 729 1190 vir
748 1159 782 1190 in
801 1160 954 1190 memoria
973 1161 1082 1190 nostra

73 1206 197 1244 praeter
220 1204 298 1235 alios
323 1204 448 1244 doctus,
471 1205 655 1235 iactatorem
681 1204 863 1245 quempiam
888 1206 919 1234 et
943 1204 1082 1234 vendita-

35 1260 59 1280 ξε,
74 1249 175 1278 torem
196 1247 454 1280 Sallustianae
477 1249 623 1280 lectionis
649 1248 753 1279 inrisit
774 1249 987 1290 inlusitqueo
969 1259 1083 1279 crenere

75 1292 131 1323 illo
154 1292 364 1324 facetissimae
389 1293 659 1332 dissimulationis,
685 1303 747 1333 qua
771 1292 948 1323 Socrates
972 1293 1011 1323 ad
1036 1304 1083 1323 so-

75 1336 197 1377 phistas
224 1337 381 1368 utebatur.
427 1337 511 1368 Nam
541 1348 611 1368 cum
640 1337 695 1368 ille
719 1348 751 1368 se
775 1348 874 1368 unum
899 1339 930 1368 et
954 1337 1109 1368 unicuma

74 1381 225 1411 lectorem
249 1392 316 1412 esse
340 1384 617 1422 enarratoremque
637 1381 816 1412 Sallustii
840 1382 958 1412 diceret
981 1392 1084 1421 neque

76 1425 211 1465 primam
239 1427 364 1457 tantum
393 1429 497 1457 cutem
527 1437 562 1457 ac
591 1426 727 1467 speciem
758 1426 999 1465 sententiarum,
1030 1426 1083 1456 sed

37 1482 62 1502 so
77 1469 263 1510 sanguinem
288 1481 414 1511 quoque
437 1471 542 1512 ipsum
567 1481 604 1501 ac
628 1470 800 1501 medullam
825 1470 993 1501 verborum
1017 1470 1084 1501 eius

77 1524 185 1544 eruere
227 1516 322 1554 atque
357 1515 564 1556 introspicere
601 1515 728 1556 penitus
765 1514 974 1555 praedicaret,
1014 1517 1084 1545 tum

148 1604 162 1627 2
182 1602 238 1627 ista
256 1602 346 1635 h(a*›ee
367 1603 453 1630 QHX
471 1603 479 1635 Η
499 1605 514 1627 5
536 1602 617 1635 eligit
635 1604 676 1636 yz
691 1604 699 1635 ΙΙ
714 1605 729 1628 8
749 1601 904 1628 cuiusmodi
923 1601 986 1630 1222
1002 1603 1005 1635 1
1022 1610 1086 1635 pos-

78 1637 115 1663 sit
134 1638 156 1663 «5
174 1638 182 1670 ΙΙ
203 1640 234 1662 10
255 1637 303 1671 qui
322 1637 351 1663 id
372 1638 420 1664 G-r.
445 1638 519 1670 quod
540 1648 559 1663 ω
579 1640 587 1670 ΙΙ
608 1639 638 1663 19
659 1639 746 1671 praet.
766 1646 842 1671 puer.
862 1638 929 1671 toga
947 1637 1062 1664 Salmas.
1077 1638 1087 1672 Η

78 1675 111 1698 20
130 1674 148 1698 t.
167 1672 247 1698 nobis
267 1673 379 1706 metipsi
394 1682 412 1707 y
426 1675 435 1706 Η
450 1676 480 1699 21
503 1673 661 1699 saudalario
676 1676 693 1698 Z
713 1673 840 1699 sandalia
858 1673 914 1699 riso
928 1676 952 1698 X
966 1675 974 1706 ΙΙ
990 1676 1022 1698 25
1043 1681 1086 1699 sa-

78 1707 162 1734 lustia
182 1707 260 1734 elect.
277 1710 294 1733 Z
313 1709 321 1741 ΙΙ
342 1711 374 1734 28
398 1710 624 1741 narratoremque
644 1719 664 1734 ω
679 1713 788 1742 praeterr
806 1711 829 1734 N
847 1710 856 1743 Η
875 1711 908 1734 29
927 1717 1043 1742 pronam
1062 1711 1086 1734 X

77 1743 225 1776 pristinam
244 1746 261 1768 Ζ
