1291 1912
481 86 568 113 va
588 90 616 118 6;
637 90 650 112 7
1007 85 1072 116 243

64 170 235 202 Enimvero
259 170 338 201 illud
362 169 523 210 impendio
548 168 746 209 probabilius
770 170 830 207 est,
857 167 942 208 quod
966 167 1098 198 idoneis

64 225 177 246 vocum
207 215 408 254 antiquarum
435 215 630 244 enarratores
654 212 865 252 tradiderunt,
893 214 1071 243 matronam

64 259 180 290 dictam
208 269 275 290 esse
304 259 445 299 proprie,
474 269 554 299 quae
582 258 615 288 in
643 257 881 288 matrimonium
908 267 979 287 eum
1003 256 1071 287 viro

65 303 275 343 convenisset,
300 303 404 343 quoad
428 303 461 333 in
485 313 521 333 eo
546 302 749 333 matrimonio
774 303 924 341 maneret,
948 301 1072 332 etiamsi

38 360 49 380 5
64 348 155 379 liberi
178 348 318 378 nondum
343 348 410 378 nati
433 348 547 387 forent,
572 347 751 387 dictamque
775 346 819 377 ita
839 356 906 377 esse
925 356 943 376 a
962 345 1072 376 matris

63 392 204 432 nomine,
230 402 295 423 non
318 392 434 432 adepto
458 392 535 431 iam,
559 391 613 422 sed
637 401 708 421 oum
733 401 788 431 spe
813 393 844 421 et
868 390 974 421 omine
997 400 1072 420 mox

63 437 266 477 adipiscendi,
291 437 373 467 unde
391 436 497 477 ipsum
517 446 644 475 quoque
664 435 926 466 ‘matrimonium’
948 434 1073 473 dicitur,

63 483 197 512 matrem
229 483 336 512 autem
369 480 506 511 familias
539 479 731 520 appellatam
765 490 832 510 esse
863 490 931 510 eam
961 479 1098 518 solam,9

63 536 144 566 quae
178 526 212 556 in
245 525 351 556 mariti
383 535 479 555 manu
512 525 736 565 mancipioque
768 526 824 555 aut
855 524 889 554 in
922 524 1001 563 eius,
1039 523 1072 553 in

25 583 49 602 10
64 570 153 600 cuius
177 571 322 606 maritus,
347 580 441 600 manu
467 569 689 609 mancipioque
713 570 808 608 esset,
832 568 983 608 quoniam
1007 577 1072 598 non

62 614 96 644 in
116 614 354 645 matrimonium
373 616 507 654 tantum,
527 613 581 644 sed
600 614 633 644 in
652 613 805 644 familiam
824 623 951 653 quoque
966 612 1071 643 mariti

63 661 94 689 et
118 659 150 689 in
174 659 223 689 sui
247 658 370 689 heredis
394 658 499 689 locum
524 658 670 688 venisset.

536 745 597 777 VH

63 807 149 839 Quem
168 807 197 833 in
216 807 328 833 modum
343 807 495 833 Favorinus
512 807 675 833 tractaverit
689 806 916 840 intempestivum
932 806 1071 840 quendam

24 850 48 870 15
98 843 133 869 de
151 843 296 869 verborum
316 843 548 877 ambiguitatibus
569 844 759 876 quaerentem;
780 844 865 875 atque
884 842 932 874 ibi,
952 843 1020 875 quot
1035 843 1071 867 si-

97 879 291 912 gnificationes
310 879 404 912 capiat
425 879 548 904 ‘eontio'.

128 942 312 982 Domitio,
339 943 461 973 homini
486 942 580 973 docto
605 942 784 983 celebrique
808 943 841 973 in
864 941 942 972 urbe
966 941 1095 972 Romal

62 987 284 1029 grammatico,
321 987 372 1018 eui
409 989 657 1028 cognomentum
690 986 828 1017 Insano
861 986 981 1017 factum
1015 988 1070 1026 est,

63 1032 212 1072 quoniam
251 1034 318 1062 erat
353 1034 466 1062 natura
503 1031 734 1062 intractabilior
771 1034 802 1062 et
834 1031 1004 1070 morosior,
1042 1031 1096 1061 ei2

35 1075 230 1108 oDomitio
260 1075 470 1107 Favorinus
500 1079 609 1107 noster
637 1086 707 1107 cum
736 1076 819 1107 forte
847 1075 932 1116 apud
960 1075 1069 1106 fanum

62 1119 238 1151 Carmentis
267 1120 393 1151 obviam
420 1121 559 1151 venisset
581 1123 676 1161 atque
700 1131 759 1162 ego
784 1131 854 1151 cum
880 1119 1069 1151 Favorino

62 1175 174 1195 essem:
202 1165 344 1205 ‘quaeso’
368 1165 473 1205 inquit
497 1165 554 1205 ‘te,
578 1165 742 1207 magister,
766 1165 852 1195 dieas
876 1165 969 1204 mihi,
992 1175 1069 1195 num

62 1209 175 1249 erravi,
208 1209 306 1250 quod,
339 1219 411 1240 cum
444 1210 559 1240 vellem
588 1210 788 1250 δημηγορίας
817 1208 929 1240 Latine
958 1209 1070 1248 dicere,

63 1253 250 1285 ‘contiones’
275 1254 362 1285 dixi?
386 1254 498 1285 dubito
518 1254 636 1294 quippe
656 1256 688 1285 et
706 1254 844 1294 requiro,
867 1264 907 1284 an
926 1255 1068 1284 veterum

35 1309 48 1329 5
62 1308 180 1337 eorum,
205 1299 259 1339 qui
283 1299 413 1329 electius
432 1298 532 1329 locuti
556 1300 638 1338 sunt,
662 1309 719 1339 pro
743 1298 847 1329 verbis
871 1300 903 1329 et
927 1298 1069 1328 oratione

62 1342 177 1373 dixerit
209 1343 280 1383 quis
310 1342 535 1374 ‘eontionem’.'
588 1342 669 1373 Tum
697 1342 890 1373 Domitius
918 1352 997 1373 voce
1024 1344 1095 1373 at-3

62 1397 124 1427 que
146 1387 237 1418 vultu
258 1387 427 1418 atrociore:
452 1387 561 1417 ‘nulla’
582 1387 687 1427 inquit
707 1387 848 1427 ‘prorsus
867 1387 969 1417 bonae
989 1387 1070 1417 salu-

61 1431 103 1461 tis
130 1441 200 1471 spes
224 1431 345 1471 reliqua
370 1434 430 1471 est,
458 1442 529 1462 eum
554 1442 610 1462 vos
634 1441 774 1471 quoque,
803 1430 1068 1471 philosophorum

134 1522 146 1543 1
160 1526 217 1551 sqq.
242 1518 260 1543 l.
280 1518 297 1543 1.
318 1518 390 1544 Serv.
411 1519 441 1543 A.
463 1517 499 1543 XI
519 1520 568 1544 581
589 1517 764 1551 (=1sid.1X
780 1521 803 1550 7,
823 1520 865 1551 13)
884 1517 1018 1544 Boethius
1033 1517 1068 1543 ad

63 1551 117 1579 Cic.
137 1555 193 1587 top.
210 1553 247 1579 ΠΙ
264 1557 296 1579 14
315 1562 341 1587 p.
357 1556 407 1579 ‘299
423 1553 467 1580 Or.
484 1553 571 1587 (Paul.
587 1563 612 1587 p⁴
631 1556 688 1585 125,
705 1556 737 1579 16
758 1553 831 1579 Suet.
847 1553 905 1579 rell.
921 1562 947 1587 p.
964 1556 1015 1579 280
1025 1553 1068 1587 R.)

98 1592 131 1615 ⁴23
142 1598 181 1622 sq.
203 1588 270 1615 CGL
284 1588 308 1614 Π
325 1591 383 1621 114,
399 1592 444 1620 25;
465 1592 524 1621 269,
541 1592 572 1614 27

134 1672 146 1694 1
168 1668 331 1702 compendio
352 1670 384 1694 Π
400 1671 409 1701 u
428 1673 443 1694 4
468 1669 519 1695 etsi
539 1671 556 1694 Ζ
571 1671 579 1702 η
594 1672 609 1694 6
629 1669 740 1696 homine
761 1669 869 1703 11¹x¹u
885 1672 898 1695 7
918 1669 1067 1703 apiscendo

63 1706 110 1729 01
120 1704 300 1737 adipiscendo
310 1712 404 1730 mcor-r.
413 1705 483 1731 JGr.
498 1706 506 1738 ΙΙ
523 1707 554 1730 10
565 1713 677 1731 manum
686 1715 706 1730 ω
712 1708 850 1738 praeter-X
864 1706 872 1738 ΙΙ
889 1708 918 1730 11
930 1706 1021 1731 totum
1030 1707 1050 1733 Q

63 1742 96 1764 14
115 1739 280 1766 Favorinum
299 1741 332 1765 tr.
352 1740 564 1774 intempestivus
581 1741 695 1773 quidam
712 1741 759 1767 Gr.
780 1740 961 1776 (Domitius)
982 1740 1067 1766 Favo-

62 1775 152 1801 riuum
171 1776 204 1801 tr.
225 1776 420 1809 intempestive
439 1776 577 1809 quaedam
593 1777 664 1803 Boot

857 1821 907 1846 16*
