1291 1912
518 80 592 107 XVH
611 83 626 106 6
1011 81 1072 112 201

70 161 131 193 hoc
168 163 216 193 sit.
272 162 474 203 Recepticius
508 163 590 194 enim
624 173 731 193 servus
766 162 798 192 in
831 173 867 193 ea
900 173 945 202 re,
983 173 1077 202 quani
1108 172 1122 193 5

71 206 147 238 dicit
172 206 277 245 Catoy
301 208 387 238 aliud
413 208 541 238 omnino
566 209 621 247 est,
645 218 740 247 quam
760 206 919 237 Verrius
944 207 1078 247 scripsit.

70 250 176 292 Atque
206 251 236 282 id
266 251 365 282 cuivis
394 252 486 282 facile
510 252 673 282 intellectu
697 253 757 291 est3
785 262 834 281 res
860 251 943 282 enim
968 252 1079 292 procul
1108 260 1123 282 6

71 295 167 326 dubio
188 296 233 327 sic
253 298 313 326 est:
338 296 464 336 quando
485 296 598 327 mulier
616 296 722 327 dotem
742 296 857 326 marito
878 295 981 335 dabat,
1002 298 1080 335 tum,

45 352 56 371 5
72 350 152 380 quae
176 351 213 370 ex
239 341 304 370 suis
328 340 420 371 bonis
444 340 601 371 retinebat
624 351 725 380 neque
745 340 783 370 ad
805 341 905 370 virum
926 341 1080 371 tramitte*

72 384 139 424 bat,
172 395 208 415 ea
242 385 403 425 ‘recipere’
438 385 614 424 dicebatur,
645 384 738 415 sicuti
770 395 854 415 nunc
888 395 1015 425 quoque
1050 385 1081 415 in

70 429 307 459 venditionibus
335 429 455 470 ‘recipi'
478 430 634 469 dicuntur,
658 440 738 469 quae
758 429 961 469 excipiuntur
978 440 1080 470 neque

70 475 216 504 veneunt.
260 472 328 510 Quo
352 474 449 505 verbo
474 473 633 504 Plautus
657 484 784 514 quoque
808 473 841 504 in
861 473 1079 504 Trinummo
1110 482 1123 504 7

70 528 146 548 usus
171 520 218 548 est
242 518 275 548 ’111
298 517 359 548 1100
384 529 475 548 versu
502 518 647 558 (‘2·.194):

32 591 57 611 ιο
117 580 351 620 posticulum
381 580 449 611 hoc
478 581 631 620 recipit,
660 590 739 611 cum
769 580 871 610 aedis
895 580 1081 619 vendidit,

70 641 102 672 id
126 644 186 672 est:
212 652 282 672 cum
307 642 393 672 aedis
417 642 572 681 vendidit,
596 642 783 682 particulam
809 642 977 683 quandam,
1001 653 1081 682 quae

70 688 144 726 post
172 697 223 717 eas
253 686 338 717 aedis
367 688 447 726 erat,
475 697 539 717 non
564 687 718 726 vendidit,
746 686 799 717 sed
823 687 962 717 retinuit.
1009 686 1080 727 Ipse
1110 694 1124 717 8

70 730 165 761 etiam
192 730 283 761 Cato
313 731 477 761 mulierem
503 731 718 762 demonstrare
740 731 932 771 locupletem
957 731 1081 762 volens:

70 775 207 805 mulier
232 775 337 815 inquit
361 777 396 806 et
421 786 591 817 magnam
616 776 739 806 dotem
764 776 827 806 dat
851 778 886 806 et
910 786 1080 817 magnam

31 831 56 851 15
70 820 269 859 pecuniam
298 820 450 860 recipit,
479 820 539 850 1100
569 822 628 850 est:
657 822 688 850 et
715 831 862 861 magnam
893 820 999 850 dotem
1028 820 1082 850 dat

72 865 103 893 et
131 874 279 905 magnam
308 865 474 904 pecuniam
504 864 627 895 retinet.
674 864 723 895 Ex
751 875 787 895 ea
814 864 912 905 igitur
934 875 967 894 re
991 864 1081 895 fami-
1111 873 1125 895 9

69 907 154 947 liari,
192 919 287 948 quam
326 908 386 939 sibi
421 909 493 939 dote
527 909 599 939 data
631 909 775 949 retinuit,
811 909 979 949 pecuniam
1012 909 1080 939 viro

70 954 214 983 mutuam
251 953 312 983 dat.
368 952 447 984 Eam
482 953 648 993 pecuniam
682 964 753 984 cum
785 953 853 984 viro
886 954 969 984 forte
1001 953 1082 984 irata
1094 962 1126 985 10

71 999 214 1037 repetere
255 997 408 1037 instituit,
450 998 583 1038 adponit
624 998 652 1028 ei
693 997 905 1039 flagitatorem
945 998 1080 1028 ‘servum

32 1053 57 1072 zo
70 1041 296 1081 recepticium’,
330 1042 391 1072 hoo
424 1045 471 1072 est
500 1043 664 1082 proprium
694 1053 819 1073 servum
848 1053 953 1081 suum,
988 1053 1081 1082 quem

73 1095 143 1116 cum
168 1086 303 1126 pecunia
326 1086 448 1126 reliqua
471 1089 634 1126 receperat
656 1097 759 1127 neque
781 1086 909 1117 dederat
929 1086 1004 1126 doti,
1029 1087 1082 1117 sed

71 1130 256 1167 retinuerat;
285 1141 350 1161 non
379 1131 462 1161 enim
493 1141 583 1161 servo
612 1131 719 1161 mariti
746 1132 901 1172 imperare
931 1131 991 1162 hoc
1015 1129 1082 1161 mu-

71 1174 180 1205 lierem
205 1174 252 1205 fas
277 1177 356 1215 erat,
381 1175 434 1206 sed
459 1175 588 1215 proprio
613 1185 679 1206 suo.

137 1217 234 1249 Plura
267 1219 383 1259 dicere,
421 1219 535 1259 quibus
569 1220 630 1250 1100
662 1221 806 1250 nostrum
839 1222 942 1259 tuear,
975 1230 1081 1260 super-
1095 1229 1123 1251 11

0 1285 3 1303 5
33 1274 57 1294 2⁵
72 1263 178 1294 sedeo:
211 1264 280 1304 ipsa
311 1265 394 1294 enim
425 1266 498 1294 sunt
526 1275 583 1304 per
611 1275 677 1294 sese
706 1264 863 1295 evidentia
891 1266 922 1295 et
951 1264 1033 1304 quod
1065 1276 1082 1294 a

71 1305 206 1338 Verrio
232 1308 347 1339 dicitur
371 1311 402 1339 et
425 1320 443 1339 a
464 1308 572 1347 nobis3
596 1308 681 1349 quod
701 1311 807 1339 utrum
828 1319 903 1350 ergo
923 1309 1083 1339 videbitur

72 1352 185 1392 cuique
210 1353 327 1392 verius,
352 1364 388 1383 eo
414 1355 529 1383 utatur.

141 1459 156 1483 8
168 1466 226 1490 sqq.
246 1457 317 1483 Non.
333 1457 349 1483 l.
367 1457 384 1484 1.
400 1459 427 1483 et
442 1457 479 1482 IV
496 1460 555 1489 384,
573 1461 604 1482 12

142 1557 156 1579 6
171 1555 325 1588 reciperare
341 1565 361 1580 ω
376 1564 443 1581 corr.
460 1564 474 1580 σ
489 1557 497 1587 ΙΙ
513 1558 526 1580 7
543 1563 597 1581 rec.
614 1555 679 1589 dic]
695 1556 717 1581 δ
736 1555 867 1580 dicuntur
882 1558 905 1580 X
918 1563 967 1581 om.
978 1557 1062 1581 ΝΟΠ
1074 1556 1083 1589 ΪΙ

74 1591 105 1614 10
123 1591 228 1623 recepit
246 1591 321 1616 codd.
338 1591 555 1624 Plautiprw‘ter
570 1591 663 1616 Ambr.
679 1594 703 1617 et
718 1591 846 1624 Noniip.
863 1593 914 1617 384
931 1592 934 1624 Ι
952 1591 1083 1617 venderet

73 1625 145 1651 Non.
158 1634 187 1659 p.
203 1628 277 1659 3841!
295 1630 325 1651 15
345 1626 445 1659 recipit
464 1642 497 1645 —-
520 1630 550 1652 16
570 1634 701 1659 magnam
720 1627 868 1659 pecuniam
883 1636 932 1652 om.
949 1628 971 1653 δ’
986 1628 1058 1653 Νονι,
1074 1628 1082 1659 11

74 1662 104 1685 17
119 1661 268 1694 pecuniam
284 1677 316 1680 —
335 1664 365 1686 IS
381 1670 441 1687 eam
457 1670 505 1687 om.
518 1662 593 1688 codd.
606 1663 678 1687 Non.
694 1663 702 1695 Η
718 1664 750 1687 18
766 1662 839 1696 cum]
856 1670 872 1688 a
883 1663 956 1688 Non.
972 1664 980 1695 ΙΙ
996 1665 1028 1688 19
1044 1662 1081 1697 ei]

72 1695 145 1722 Non.
161 1698 188 1722 et
203 1698 225 1723 δ
240 1706 288 1723 οηι.
306 1706 324 1730 γ
337 1698 346 1730 ΙΙ
362 1700 393 1722 19
408 1701 432 1723 et
448 1700 480 1723 20
496 1705 603 1723 servum
614 1706 663 1723 om.
676 1698 748 1723 Non.
763 1699 772 1731 fl
787 1700 817 1723 21
836 1698 861 1723 d.
878 1699 919 1724 set
935 1700 1081 1731 exceperat

73 1731 145 1757 Non.
165 1734 174 1765 ΙΙ
193 1735 225 1758 26
249 1733 323 1766 quod
343 1741 358 1758 a
378 1732 465 1758 nobis.
492 1733 589 1758 Vtrum
609 1733 667 1759 edd.
691 1737 747 1759 vett.
776 1733 857 1759 nobis
877 1734 961 1766 quod;
989 1735 1081 1759 utrum

73 1766 133 1793 dist.
150 1768 221 1794 Boot
234 1770 242 1802 fl
257 1771 288 1793 ⁴37
310 1776 417 1802 cunque
432 1769 502 1795 JGr.
