1266 1902
537 437 576 472 A.
606 435 675 471 GE
688 436 807 471 LLII

170 518 398 559 NOCTIVM
430 518 727 560 ATTIOARVM
764 520 925 559 LIBER
958 518 1172 568 QVINTVS
1260 554 1266 570 ,¹

563 606 785 648 DECIMVS

663 761 677 792 I

169 821 247 852 Quod
267 821 295 846 in
312 820 407 852 Quinti
423 820 533 846 Claudii
553 821 699 847 annalibus
719 822 851 854 scriptum
872 823 913 847 est
927 821 1034 855 lignum
1051 821 1171 847 alumine

204 856 323 882 oblitum
342 864 396 881 non
417 856 520 882 ardere.

143 928 154 949 1
234 920 474 951 Declamaverat
498 919 686 950 Antonius
710 918 881 950 Iulianus
905 920 1012 950 rhetor
1036 921 1171 960 praeter-

168 975 263 1004 quam
297 975 421 1004 semper
453 964 544 1003 alias,
577 966 645 994 tum
675 974 747 994 vero
776 964 909 994 nimium
938 966 1091 1004 quantum
1122 964 1171 994 de-
1200 975 1211 994 5

167 1008 357 1039 lectabiliter
385 1010 416 1038 et
441 1008 583 1038 feliciter.
631 1007 712 1038 Sunt
735 1008 818 1038 enim
843 1008 940 1038 ferme
964 1007 1170 1038 scholasticae

168 1053 245 1083 istae
279 1052 523 1083 declamationes
556 1052 695 1083 eiusdem
728 1052 866 1082 hominis
897 1052 1100 1092 eiusdemque
1128 1052 1171 1082 fa-

141 1097 312 1136 ecundiae,
345 1107 409 1127 non
438 1097 576 1127 eiusdem
605 1098 711 1127 tamen
740 1096 855 1126 cotidie
883 1096 1052 1127 felicitatis.
1102 1095 1170 1126 Nos

167 1152 242 1182 ergo
266 1140 437 1171 familiares
462 1141 528 1171 eius
553 1140 734 1171 circumfusi
753 1140 892 1180 undique
912 1151 983 1170 eum
1004 1150 1171 1180 proseque-

168 1185 280 1216 bamur
306 1184 449 1223 domum,
478 1195 549 1215 cum
574 1184 646 1215 inde
671 1184 839 1214 subeuntes
864 1187 1003 1215 montem
1029 1183 1171 1224 Cispium
1187 1196 1211 1214 ιο

167 1229 380 1269 conspicimus
409 1229 545 1259 insulam
575 1228 731 1268 quandam
761 1230 947 1268 occupatam
972 1228 1037 1269 igni
1063 1228 1171 1258 multis

167 1273 335 1312 arduisque
368 1272 520 1303 tabulatis
555 1273 669 1303 editam
704 1274 734 1303 et
766 1273 945 1313 propinqua
974 1273 1035 1302 iam
1066 1272 1172 1303 omnia

141 1324 155 1346 3
167 1317 300 1358 flagrare
329 1319 418 1347 vasto
448 1317 602 1347 incendio.
648 1316 728 1347 Tum
758 1317 915 1357 quispiam
944 1317 988 1346 ibi
1015 1327 1052 1346 ex
1077 1316 1172 1347 comi-

166 1362 251 1392 tibus
271 1360 426 1391 Iuliani:
447 1361 577 1402 ‘magni’
599 1361 702 1401 inquit
722 1360 852 1390 ‘reditus
872 1361 1066 1391 urbanorum
1084 1371 1170 1401 prae-

167 1405 304 1445 diorum,
338 1404 390 1435 sed
423 1405 563 1445 pericula
596 1407 669 1435 sunt
701 1405 795 1445 longe
828 1405 972 1435 maxima.
1028 1403 1060 1434 Si
1094 1404 1169 1444 quid
1186 1416 1209 1435 15

166 1452 270 1480 autem
300 1451 407 1489 posset
430 1449 561 1479 remedii
585 1449 665 1489 fore,
693 1450 729 1479 ut
751 1459 790 1479 ne
815 1450 879 1479 tam
904 1449 1032 1479 adsidue
1057 1449 1169 1478 domus

166 1493 285 1524 Romae
314 1493 471 1531 arderent,
500 1504 614 1523 venum
642 1492 747 1523 hercle
776 1492 929 1523 dedissem
958 1504 1007 1523 res
1036 1492 1169 1523 rusticas

138 1540 197 1568 «let
224 1537 350 1567 urbicas
379 1538 545 1567 emissem?
597 1536 703 1577 Atque
732 1537 778 1567 illi
807 1536 979 1567 Iulianus
1007 1537 1102 1575 laeta,
1135 1538 1170 1566 ut

165 1592 233 1612 mos
260 1582 326 1611 eius
351 1581 425 1621 fuit,
454 1582 536 1611 inter
558 1581 764 1611 fabulandum
789 1583 966 1611 venustate:
996 1580 1033 1610 ‘si
1058 1591 1169 1611 anna-

236 1670 249 1693 7
275 1667 379 1692 factum
404 1667 448 1692 die
474 1668 495 1693 d·
518 1669 527 1700 ΙΙ
550 1670 565 1692 8
589 1667 645 1692 Nos
669 1676 717 1693 om.
740 1669 759 1695 Q
782 1669 790 1699 {l
814 1670 828 1692 9
853 1666 1091 1700 prosequebantur
1111 1666 1147 1691 X¹
1162 1667 1170 1700 ῃ

167 1706 198 1728 10
223 1703 322 1729 deinde
342 1712 360 1736 γ
378 1705 379 1735 l
398 1702 521 1736 caspium
542 1713 562 1728 ω
581 1711 648 1728 σονν,
667 1703 821 1728 Beroaldus
840 1704 847 1735 ΙΙ
868 1705 899 1728 16
921 1702 985 1727 ferri
1006 1702 1148 1728 Rubenius
1161 1702 1169 1734 ΙΙ

168 1741 198 1764 19
219 1738 435 1764 interfabulatur
451 1740 470 1766 Q,
489 1740 545 1763 —tus
560 1738 628 1764 JGr.
