<?xml version="1.0" encoding="UTF-8"?>
<!DOCTYPE html PUBLIC "-//W3C//DTD XHTML 1.0 Transitional//EN"
    "http://www.w3.org/TR/xhtml1/DTD/xhtml1-transitional.dtd">
<html xmlns="http://www.w3.org/1999/xhtml" xml:lang="en" lang="en">
 <head>
  <title>
</title>
<meta http-equiv="Content-Type" content="text/html;charset=utf-8" />
  <meta name='ocr-system' content='tesseract 3.04.00' />
  <meta name='ocr-capabilities' content='ocr_page ocr_carea ocr_par ocr_line ocrx_word'/>
</head>
<body>
  <div class='ocr_page' id='page_1' title='image "./agelliinoctiumat02gelluoft_0288.png"; bbox 0 0 1266 1902; ppageno 0'>
   <div class='ocr_carea' id='block_1_1' title="bbox 177 59 734 91">
    <p class='ocr_par' dir='ltr' id='par_1_1' title="bbox 177 59 734 91">
     <span class='ocr_line' id='line_1_1' title="bbox 177 59 734 91; baseline -0.011 0"><span class='ocrx_word' id='word_1_1' title='bbox 177 59 240 91; x_wconf 73' lang='lat'><strong>282</strong></span> <span class='ocrx_word' id='word_1_2' title='bbox 620 59 681 85; x_wconf 75' lang='lat' dir='ltr'><strong>XIX</strong></span> <span class='ocrx_word' id='word_1_3' title='bbox 703 62 734 85; x_wconf 86' lang='lat'><strong>13</strong></span> 
     </span>
    </p>
   </div>
   <div class='ocr_carea' id='block_1_2' title="bbox 640 157 717 189">
    <p class='ocr_par' dir='ltr' id='par_1_2' title="bbox 640 157 717 189">
     <span class='ocr_line' id='line_1_2' title="bbox 640 157 717 189; baseline 0 -1"><span class='ocrx_word' id='word_1_4' title='bbox 640 157 717 189; x_wconf 89' lang='lat' dir='ltr'>XIII</span> 
     </span>
    </p>
   </div>
   <div class='ocr_carea' id='block_1_3' title="bbox 232 218 1119 254">
    <p class='ocr_par' dir='ltr' id='par_1_3' title="bbox 232 218 1119 254">
     <span class='ocr_line' id='line_1_3' title="bbox 232 218 1119 254; baseline 0.001 -10"><span class='ocrx_word' id='word_1_5' title='bbox 232 219 326 253; x_wconf 83' lang='lat' dir='ltr'><strong>&lt;Quos</strong></span> <span class='ocrx_word' id='word_1_6' title='bbox 349 218 536 252; x_wconf 81' lang='lat' dir='ltr'><strong>‘pumiliones&#39;</strong></span> <span class='ocrx_word' id='word_1_7' title='bbox 558 219 689 250; x_wconf 79' lang='lat' dir='ltr'><strong>dicimus,</strong></span> <span class='ocrx_word' id='word_1_8' title='bbox 709 218 812 244; x_wconf 83' lang='lat' dir='ltr'><strong>Graece</strong></span> <span class='ocrx_word' id='word_1_9' title='bbox 832 218 934 249; x_wconf 76' lang='grc' dir='ltr'>νάνους</span> <span class='ocrx_word' id='word_1_10' title='bbox 953 219 1119 254; x_wconf 79' lang='lat' dir='ltr'><strong>appellari.)</strong></span> 
     </span>
    </p>
   </div>
   <div class='ocr_carea' id='block_1_4' title="bbox 146 274 1177 1517">
    <p class='ocr_par' dir='ltr' id='par_1_4' title="bbox 150 274 1177 455">
     <span class='ocr_line' id='line_1_4' title="bbox 150 274 1177 314; baseline -0.001 0"><span class='ocrx_word' id='word_1_11' title='bbox 150 291 161 314; x_wconf 87' lang='lat'>1</span> <span class='ocrx_word' id='word_1_12' title='bbox 242 282 375 313; x_wconf 78' lang='lat' dir='ltr'>Stabant</span> <span class='ocrx_word' id='word_1_13' title='bbox 408 282 490 313; x_wconf 85' lang='lat' dir='ltr'><strong>forte</strong></span> <span class='ocrx_word' id='word_1_14' title='bbox 520 293 582 313; x_wconf 89' lang='lat' dir='ltr'><strong>una</strong></span> <span class='ocrx_word' id='word_1_15' title='bbox 610 282 643 312; x_wconf 92' lang='lat' dir='ltr'><strong>in</strong></span> <span class='ocrx_word' id='word_1_16' title='bbox 671 274 829 313; x_wconf 72' lang='lat' dir='ltr'><strong>vestibu&#39;lo</strong></span> <span class='ocrx_word' id='word_1_17' title='bbox 857 281 971 313; x_wconf 85' lang='lat' dir='ltr'><strong>Palatii</strong></span> <span class='ocrx_word' id='word_1_18' title='bbox 999 282 1177 314; x_wconf 76' lang='lat' dir='ltr'>fabulantes</span> 
     </span>
     <span class='ocr_line' id='line_1_5' title="bbox 175 326 1177 367; baseline 0 -10"><span class='ocrx_word' id='word_1_19' title='bbox 175 327 316 358; x_wconf 78' lang='lat' dir='ltr'>Fronto</span> <span class='ocrx_word' id='word_1_20' title='bbox 343 326 542 357; x_wconf 88' lang='lat' dir='ltr'><strong>Cornelius</strong></span> <span class='ocrx_word' id='word_1_21' title='bbox 567 329 598 358; x_wconf 87' lang='lat' dir='ltr'><strong>et</strong></span> <span class='ocrx_word' id='word_1_22' title='bbox 617 326 750 357; x_wconf 88' lang='lat' dir='ltr'><strong>Festus</strong></span> <span class='ocrx_word' id='word_1_23' title='bbox 770 326 987 357; x_wconf 75' lang='lat' dir='ltr'>Postumius</span> <span class='ocrx_word' id='word_1_24' title='bbox 1011 329 1042 358; x_wconf 92' lang='lat' dir='ltr'><strong>et</strong></span> <span class='ocrx_word' id='word_1_25' title='bbox 1061 326 1177 367; x_wconf 89' lang='lat' dir='ltr'><strong>Apol-</strong></span> 
     </span>
     <span class='ocr_line' id='line_1_6' title="bbox 174 370 1177 411; baseline 0 -10"><span class='ocrx_word' id='word_1_26' title='bbox 174 371 309 402; x_wconf 83' lang='lat' dir='ltr'><strong>l-inaris</strong></span> <span class='ocrx_word' id='word_1_27' title='bbox 334 370 541 411; x_wconf 81' lang='lat' dir='ltr'><strong>Sulpicius,</strong></span> <span class='ocrx_word' id='word_1_28' title='bbox 566 373 660 411; x_wconf 85' lang='lat' dir='ltr'><strong>atque</strong></span> <span class='ocrx_word' id='word_1_29' title='bbox 684 381 743 411; x_wconf 82' lang='lat' dir='ltr'><strong>ego</strong></span> <span class='ocrx_word' id='word_1_30' title='bbox 767 371 811 401; x_wconf 90' lang='lat' dir='ltr'><strong>ibi</strong></span> <span class='ocrx_word' id='word_1_31' title='bbox 835 371 989 402; x_wconf 76' lang='lat' dir='ltr'><strong>adsistens</strong></span> <span class='ocrx_word' id='word_1_32' title='bbox 1013 382 1085 402; x_wconf 91' lang='lat' dir='ltr'><strong>cum</strong></span> <span class='ocrx_word' id='word_1_33' title='bbox 1110 371 1177 411; x_wconf 88' lang='lat' dir='ltr'><strong>qui-</strong></span> 
     </span>
     <span class='ocr_line' id='line_1_7' title="bbox 175 415 1176 455; baseline 0.001 -10"><span class='ocrx_word' id='word_1_34' title='bbox 175 415 307 446; x_wconf 82' lang='lat' dir='ltr'><strong>busdam</strong></span> <span class='ocrx_word' id='word_1_35' title='bbox 345 415 414 445; x_wconf 87' lang='lat' dir='ltr'><strong>aliis</strong></span> <span class='ocrx_word' id='word_1_36' title='bbox 453 425 612 446; x_wconf 81' lang='lat' dir='ltr'><strong>sermones</strong></span> <span class='ocrx_word' id='word_1_37' title='bbox 649 426 771 455; x_wconf 88' lang='lat' dir='ltr'><strong>eorum,</strong></span> <span class='ocrx_word' id='word_1_38' title='bbox 809 426 888 455; x_wconf 89' lang='lat' dir='ltr'><strong>quos</strong></span> <span class='ocrx_word' id='word_1_39' title='bbox 926 415 963 446; x_wconf 90' lang='lat' dir='ltr'><strong>de</strong></span> <span class='ocrx_word' id='word_1_40' title='bbox 999 415 1176 446; x_wconf 87' lang='lat' dir='ltr'><strong>litterarum</strong></span> 
     </span>
    </p>

    <p class='ocr_par' dir='ltr' id='par_1_5' title="bbox 148 459 1177 720">
     <span class='ocr_line' id='line_1_8' title="bbox 148 459 1176 500; baseline -0.001 -10"><span class='ocrx_word' id='word_1_41' title='bbox 148 468 163 491; x_wconf 74' lang='lat'>2</span> <span class='ocrx_word' id='word_1_42' title='bbox 175 459 351 500; x_wconf 87' lang='lat' dir='ltr'><strong>disciplinis</strong></span> <span class='ocrx_word' id='word_1_43' title='bbox 368 459 535 499; x_wconf 76' lang='lat' dir='ltr'><strong>habebant,</strong></span> <span class='ocrx_word' id='word_1_44' title='bbox 555 459 709 490; x_wconf 85' lang='lat' dir='ltr'><strong>curiosius</strong></span> <span class='ocrx_word' id='word_1_45' title='bbox 727 459 902 500; x_wconf 86' lang='lat' dir='ltr'><strong>captabam.</strong></span> <span class='ocrx_word' id='word_1_46' title='bbox 940 459 1021 490; x_wconf 85' lang='lat' dir='ltr'><strong>Tum</strong></span> <span class='ocrx_word' id='word_1_47' title='bbox 1036 459 1176 490; x_wconf 86' lang='lat' dir='ltr'><strong>Fronto</strong></span> 
     </span>
     <span class='ocr_line' id='line_1_9' title="bbox 174 503 1176 544; baseline -0.001 -10"><span class='ocrx_word' id='word_1_48' title='bbox 174 503 404 544; x_wconf 85' lang='lat' dir='ltr'><strong>Apollinari:</strong></span> <span class='ocrx_word' id='word_1_49' title='bbox 435 504 496 535; x_wconf 70' lang='lat' dir='ltr'><strong>‘fac</strong></span> <span class='ocrx_word' id='word_1_50' title='bbox 525 504 598 543; x_wconf 87' lang='lat' dir='ltr'><strong>me,’</strong></span> <span class='ocrx_word' id='word_1_51' title='bbox 628 504 733 544; x_wconf 87' lang='lat' dir='ltr'><strong>inquit</strong></span> <span class='ocrx_word' id='word_1_52' title='bbox 757 503 837 542; x_wconf 54' lang='grc' dir='ltr'><strong>τοΥο,</strong></span> <span class='ocrx_word' id='word_1_53' title='bbox 866 504 1030 544; x_wconf 80' lang='lat' dir='ltr'><strong>magister,</strong></span> <span class='ocrx_word' id='word_1_54' title='bbox 1059 505 1094 534; x_wconf 83' lang='lat' dir='ltr'><strong>ut</strong></span> <span class='ocrx_word' id='word_1_55' title='bbox 1118 503 1176 534; x_wconf 87' lang='lat' dir='ltr'><strong>sim</strong></span> 
     </span>
     <span class='ocr_line' id='line_1_10' title="bbox 174 547 1177 588; baseline -0.001 -9"><span class='ocrx_word' id='word_1_56' title='bbox 174 551 290 587; x_wconf 85' lang='lat' dir='ltr'><strong>certus,</strong></span> <span class='ocrx_word' id='word_1_57' title='bbox 328 559 368 578; x_wconf 87' lang='lat' dir='ltr'><strong>an</strong></span> <span class='ocrx_word' id='word_1_58' title='bbox 405 550 488 579; x_wconf 85' lang='lat' dir='ltr'><strong>recte</strong></span> <span class='ocrx_word' id='word_1_59' title='bbox 526 548 754 588; x_wconf 84' lang='lat' dir='ltr'><strong>supersederim</strong></span> <span class='ocrx_word' id='word_1_60' title='bbox 793 548 914 578; x_wconf 83' lang='lat' dir='ltr'><strong>‘nanos’</strong></span> <span class='ocrx_word' id='word_1_61' title='bbox 947 547 1049 578; x_wconf 83' lang='lat' dir='ltr'><strong>dicere</strong></span> <span class='ocrx_word' id='word_1_62' title='bbox 1081 558 1177 587; x_wconf 84' lang='lat' dir='ltr'><strong>parva</strong></span> 
     </span>
     <span class='ocr_line' id='line_1_11' title="bbox 174 591 1174 632; baseline -0.001 -9"><span class='ocrx_word' id='word_1_63' title='bbox 174 593 267 623; x_wconf 86' lang='lat' dir='ltr'><strong>nimis</strong></span> <span class='ocrx_word' id='word_1_64' title='bbox 300 594 420 623; x_wconf 82' lang='lat' dir='ltr'><strong>statura</strong></span> <span class='ocrx_word' id='word_1_65' title='bbox 451 592 594 623; x_wconf 87' lang='lat' dir='ltr'><strong>homines</strong></span> <span class='ocrx_word' id='word_1_66' title='bbox 623 592 850 632; x_wconf 85' lang='lat' dir='ltr'><strong>maluerimque</strong></span> <span class='ocrx_word' id='word_1_67' title='bbox 880 602 932 623; x_wconf 86' lang='lat' dir='ltr'><strong>eos</strong></span> <span class='ocrx_word' id='word_1_68' title='bbox 962 591 1174 632; x_wconf 75' lang='lat' dir='ltr'><strong>‘pumiliones’</strong></span> 
     </span>
     <span class='ocr_line' id='line_1_12' title="bbox 173 636 1176 677; baseline -0.001 -10"><span class='ocrx_word' id='word_1_69' title='bbox 173 637 342 677; x_wconf 87' lang='lat' dir='ltr'><strong>appellare,</strong></span> <span class='ocrx_word' id='word_1_70' title='bbox 366 636 515 676; x_wconf 89' lang='lat' dir='ltr'><strong>quoniam</strong></span> <span class='ocrx_word' id='word_1_71' title='bbox 535 636 597 667; x_wconf 88' lang='lat' dir='ltr'><strong>hoc</strong></span> <span class='ocrx_word' id='word_1_72' title='bbox 616 637 768 676; x_wconf 85' lang='lat' dir='ltr'><strong>scriptum</strong></span> <span class='ocrx_word' id='word_1_73' title='bbox 788 647 854 667; x_wconf 89' lang='lat' dir='ltr'><strong>esse</strong></span> <span class='ocrx_word' id='word_1_74' title='bbox 874 637 907 667; x_wconf 86' lang='lat' dir='ltr'><strong>in</strong></span> <span class='ocrx_word' id='word_1_75' title='bbox 925 636 1015 666; x_wconf 91' lang='lat' dir='ltr'><strong>libris</strong></span> <span class='ocrx_word' id='word_1_76' title='bbox 1037 638 1176 666; x_wconf 86' lang='lat' dir='ltr'><strong>veterum</strong></span> 
     </span>
     <span class='ocr_line' id='line_1_13' title="bbox 173 680 1177 720; baseline -0.001 -9"><span class='ocrx_word' id='word_1_77' title='bbox 173 681 391 720; x_wconf 87' lang='lat' dir='ltr'><strong>memineram,</strong></span> <span class='ocrx_word' id='word_1_78' title='bbox 421 681 542 711; x_wconf 83' lang='lat' dir='ltr'><strong>‘nanos’</strong></span> <span class='ocrx_word' id='word_1_79' title='bbox 572 683 677 711; x_wconf 88' lang='lat' dir='ltr'><strong>autem</strong></span> <span class='ocrx_word' id='word_1_80' title='bbox 707 680 867 711; x_wconf 87' lang='lat' dir='ltr'><strong>sordidum</strong></span> <span class='ocrx_word' id='word_1_81' title='bbox 896 691 963 711; x_wconf 90' lang='lat' dir='ltr'><strong>esse</strong></span> <span class='ocrx_word' id='word_1_82' title='bbox 991 680 1122 710; x_wconf 89' lang='lat' dir='ltr'><strong>verbum</strong></span> <span class='ocrx_word' id='word_1_83' title='bbox 1145 682 1177 710; x_wconf 89' lang='lat' dir='ltr'><strong>et</strong></span> 
     </span>
    </p>

    <p class='ocr_par' dir='ltr' id='par_1_6' title="bbox 147 723 1176 1330">
     <span class='ocr_line' id='line_1_14' title="bbox 147 723 1176 765; baseline -0.001 -10"><span class='ocrx_word' id='word_1_84' title='bbox 147 725 341 755; x_wconf 87' lang='lat' dir='ltr'><strong>3barbarum</strong></span> <span class='ocrx_word' id='word_1_85' title='bbox 361 724 545 755; x_wconf 86' lang='lat' dir='ltr'><strong>credebam.&#39;</strong></span> <span class='ocrx_word' id='word_1_86' title='bbox 590 724 660 755; x_wconf 69' lang='lat' dir='ltr'><strong>‘Est</strong></span> <span class='ocrx_word' id='word_1_87' title='bbox 679 725 815 765; x_wconf 83' lang='lat' dir='ltr'><strong>quidem’</strong></span> <span class='ocrx_word' id='word_1_88' title='bbox 836 725 938 764; x_wconf 88' lang='lat' dir='ltr'><strong>inquit</strong></span> <span class='ocrx_word' id='word_1_89' title='bbox 959 724 1041 755; x_wconf 71' lang='lat' dir='ltr'><strong>‘hoc&#39;</strong></span> <span class='ocrx_word' id='word_1_90' title='bbox 1063 723 1176 764; x_wconf 89' lang='lat' dir='ltr'><strong>Apol-</strong></span> 
     </span>
     <span class='ocr_line' id='line_1_15' title="bbox 173 768 1176 810; baseline -0.002 -10"><span class='ocrx_word' id='word_1_91' title='bbox 173 769 309 800; x_wconf 90' lang='lat' dir='ltr'><strong>linaris</strong></span> <span class='ocrx_word' id='word_1_92' title='bbox 339 769 383 799; x_wconf 84' lang='lat' dir='ltr'><strong>‘in</strong></span> <span class='ocrx_word' id='word_1_93' title='bbox 412 769 638 800; x_wconf 74' lang='lat' dir='ltr'><strong>consuetudine¹</strong></span> <span class='ocrx_word' id='word_1_94' title='bbox 667 769 794 809; x_wconf 76' lang='lat' dir='ltr'><strong>inperiti</strong></span> <span class='ocrx_word' id='word_1_95' title='bbox 822 769 908 810; x_wconf 79' lang='lat' dir='ltr'><strong>vulgi</strong></span> <span class='ocrx_word' id='word_1_96' title='bbox 931 769 1093 808; x_wconf 79' lang='lat' dir='ltr'><strong>frequens,</strong></span> <span class='ocrx_word' id='word_1_97' title='bbox 1121 768 1176 799; x_wconf 89' lang='lat' dir='ltr'><strong>sed</strong></span> 
     </span>
     <span class='ocr_line' id='line_1_16' title="bbox 173 812 1176 854; baseline -0.001 -10"><span class='ocrx_word' id='word_1_98' title='bbox 173 813 341 844; x_wconf 83' lang='lat' dir='ltr'><strong>barbarum</strong></span> <span class='ocrx_word' id='word_1_99' title='bbox 362 824 425 844; x_wconf 88' lang='lat' dir='ltr'><strong>non</strong></span> <span class='ocrx_word' id='word_1_100' title='bbox 445 815 492 844; x_wconf 90' lang='lat' dir='ltr'><strong>est</strong></span> <span class='ocrx_word' id='word_1_101' title='bbox 512 815 718 853; x_wconf 88' lang='lat' dir='ltr'><strong>censeturque</strong></span> <span class='ocrx_word' id='word_1_102' title='bbox 737 813 864 854; x_wconf 78' lang='lat' dir='ltr'><strong>linguae</strong></span> <span class='ocrx_word' id='word_1_103' title='bbox 885 812 1020 843; x_wconf 78' lang='lat' dir='ltr'><strong>Graecae</strong></span> <span class='ocrx_word' id='word_1_104' title='bbox 1041 812 1176 853; x_wconf 58' lang='lat' dir='ltr'><strong>origine,</strong></span> 
     </span>
     <span class='ocr_line' id='line_1_17' title="bbox 172 856 1175 897; baseline -0.002 -9"><span class='ocrx_word' id='word_1_105' title='bbox 172 858 294 894; x_wconf 79' lang='grc' dir='ltr'><strong><em>νάνους</em></strong></span> <span class='ocrx_word' id='word_1_106' title='bbox 326 858 408 888; x_wconf 87' lang='lat' dir='ltr'><strong>enim</strong></span> <span class='ocrx_word' id='word_1_107' title='bbox 442 857 558 888; x_wconf 79' lang='lat' dir='ltr'><strong>Graece</strong></span> <span class='ocrx_word' id='word_1_108' title='bbox 591 859 783 888; x_wconf 84' lang='lat' dir='ltr'><strong>vocaverunt</strong></span> <span class='ocrx_word' id='word_1_109' title='bbox 816 857 902 888; x_wconf 84' lang='lat' dir='ltr'><strong>brevi</strong></span> <span class='ocrx_word' id='word_1_110' title='bbox 935 859 1030 897; x_wconf 83' lang='lat' dir='ltr'><strong>atque</strong></span> <span class='ocrx_word' id='word_1_111' title='bbox 1063 856 1175 887; x_wconf 91' lang='lat' dir='ltr'><strong>humili</strong></span> 
     </span>
     <span class='ocr_line' id='line_1_18' title="bbox 174 901 1176 942; baseline -0.001 -10"><span class='ocrx_word' id='word_1_112' title='bbox 174 912 304 942; x_wconf 87' lang='lat' dir='ltr'><strong>corpore</strong></span> <span class='ocrx_word' id='word_1_113' title='bbox 333 901 478 932; x_wconf 83' lang='lat' dir='ltr'><strong>homines</strong></span> <span class='ocrx_word' id='word_1_114' title='bbox 502 902 632 942; x_wconf 89' lang='lat' dir='ltr'><strong>paulum</strong></span> <span class='ocrx_word' id='word_1_115' title='bbox 658 912 752 942; x_wconf 86' lang='lat' dir='ltr'><strong>supra</strong></span> <span class='ocrx_word' id='word_1_116' title='bbox 775 904 890 932; x_wconf 82' lang='lat' dir='ltr'><strong>terrain</strong></span> <span class='ocrx_word' id='word_1_117' title='bbox 916 903 1057 932; x_wconf 77' lang='lat' dir='ltr'><strong>extantes</strong></span> <span class='ocrx_word' id='word_1_118' title='bbox 1082 901 1176 941; x_wconf 79' lang='lat' dir='ltr'><strong>idque</strong></span> 
     </span>
     <span class='ocr_line' id='line_1_19' title="bbox 173 945 1175 986; baseline -0.001 -10"><span class='ocrx_word' id='word_1_119' title='bbox 173 946 216 976; x_wconf 80' lang='lat' dir='ltr'><strong>ita</strong></span> <span class='ocrx_word' id='word_1_120' title='bbox 241 946 388 977; x_wconf 81' lang='lat' dir='ltr'><strong>dixerunt</strong></span> <span class='ocrx_word' id='word_1_121' title='bbox 412 946 553 976; x_wconf 85' lang='lat' dir='ltr'><strong>adhibita</strong></span> <span class='ocrx_word' id='word_1_122' title='bbox 578 945 713 986; x_wconf 87' lang='lat' dir='ltr'><strong>quadam</strong></span> <span class='ocrx_word' id='word_1_123' title='bbox 732 946 854 976; x_wconf 84' lang='lat' dir='ltr'><strong>ratione</strong></span> <span class='ocrx_word' id='word_1_124' title='bbox 873 945 1085 986; x_wconf 74' lang='lat' dir='ltr'><strong>etymologiae</strong></span> <span class='ocrx_word' id='word_1_125' title='bbox 1104 956 1175 976; x_wconf 91' lang='lat' dir='ltr'><strong>cum</strong></span> 
     </span>
     <span class='ocr_line' id='line_1_20' title="bbox 173 989 1176 1030; baseline -0.001 -10"><span class='ocrx_word' id='word_1_126' title='bbox 173 991 328 1021; x_wconf 86' lang='lat' dir='ltr'><strong>sententia</strong></span> <span class='ocrx_word' id='word_1_127' title='bbox 357 990 503 1020; x_wconf 75' lang='lat' dir='ltr'><strong>vocabuli</strong></span> <span class='ocrx_word' id='word_1_128' title='bbox 532 992 730 1030; x_wconf 87' lang='lat' dir='ltr'><strong>competente</strong></span> <span class='ocrx_word' id='word_1_129' title='bbox 759 992 803 1029; x_wconf 87' lang='lat' dir='ltr'><strong>et,</strong></span> <span class='ocrx_word' id='word_1_130' title='bbox 833 990 858 1020; x_wconf 86' lang='lat' dir='ltr'><strong>si</strong></span> <span class='ocrx_word' id='word_1_131' title='bbox 884 989 1046 1020; x_wconf 82' lang='lat' dir='ltr'><strong>memoria’</strong></span> <span class='ocrx_word' id='word_1_132' title='bbox 1072 989 1176 1029; x_wconf 86' lang='lat' dir='ltr'><strong>inquit</strong></span> 
     </span>
     <span class='ocr_line' id='line_1_21' title="bbox 173 1032 1175 1074; baseline -0.002 -9"><span class='ocrx_word' id='word_1_133' title='bbox 173 1035 263 1065; x_wconf 81' lang='lat' dir='ltr'><strong>‘mihi</strong></span> <span class='ocrx_word' id='word_1_134' title='bbox 292 1045 355 1065; x_wconf 92' lang='lat' dir='ltr'><strong>non</strong></span> <span class='ocrx_word' id='word_1_135' title='bbox 383 1034 482 1073; x_wconf 88' lang='lat' dir='ltr'><strong>labat,</strong></span> <span class='ocrx_word' id='word_1_136' title='bbox 511 1034 663 1074; x_wconf 89' lang='lat' dir='ltr'><strong>scriptum</strong></span> <span class='ocrx_word' id='word_1_137' title='bbox 693 1034 752 1064; x_wconf 86' lang='lat' dir='ltr'><strong>hoc</strong></span> <span class='ocrx_word' id='word_1_138' title='bbox 779 1036 825 1064; x_wconf 85' lang='lat' dir='ltr'><strong>est</strong></span> <span class='ocrx_word' id='word_1_139' title='bbox 850 1034 882 1064; x_wconf 87' lang='lat' dir='ltr'><strong>in</strong></span> <span class='ocrx_word' id='word_1_140' title='bbox 906 1034 1068 1064; x_wconf 73' lang='lat' dir='ltr'><strong>comoedia</strong></span> <span class='ocrx_word' id='word_1_141' title='bbox 1091 1032 1175 1063; x_wconf 90' lang='lat' dir='ltr'><strong>Ari-</strong></span> 
     </span>
     <span class='ocr_line' id='line_1_22' title="bbox 173 1076 1175 1119; baseline -0.002 -10"><span class='ocrx_word' id='word_1_142' title='bbox 173 1078 386 1119; x_wconf 87' lang='lat' dir='ltr'><strong>stophanis,</strong></span> <span class='ocrx_word' id='word_1_143' title='bbox 402 1079 452 1109; x_wconf 87' lang='lat' dir='ltr'><strong>cui</strong></span> <span class='ocrx_word' id='word_1_144' title='bbox 468 1089 584 1109; x_wconf 87' lang='lat' dir='ltr'><strong>nomen</strong></span> <span class='ocrx_word' id='word_1_145' title='bbox 599 1078 801 1115; x_wconf 53' lang='lat' dir='ltr'><strong>est‘ostmffleg</strong></span> <span class='ocrx_word' id='word_1_146' title='bbox 813 1080 864 1117; x_wconf 80' lang='lat' dir='ltr'><strong>(fr.</strong></span> <span class='ocrx_word' id='word_1_147' title='bbox 877 1080 941 1108; x_wconf 64' lang='lat'><strong>427</strong></span> <span class='ocrx_word' id='word_1_148' title='bbox 952 1078 1016 1111; x_wconf 83' lang='lat' dir='ltr'><em>K.).</em></span> <span class='ocrx_word' id='word_1_149' title='bbox 1051 1076 1175 1107; x_wconf 80' lang='lat' dir='ltr'><strong>Fuisset</strong></span> 
     </span>
     <span class='ocr_line' id='line_1_23' title="bbox 172 1121 1175 1153; baseline -0.001 0"><span class='ocrx_word' id='word_1_150' title='bbox 172 1125 277 1153; x_wconf 86' lang='lat' dir='ltr'><strong>autem</strong></span> <span class='ocrx_word' id='word_1_151' title='bbox 299 1123 428 1153; x_wconf 86' lang='lat' dir='ltr'><strong>verbum</strong></span> <span class='ocrx_word' id='word_1_152' title='bbox 449 1122 509 1153; x_wconf 89' lang='lat' dir='ltr'><strong>hoc</strong></span> <span class='ocrx_word' id='word_1_153' title='bbox 524 1134 542 1153; x_wconf 89' lang='lat' dir='ltr'><strong>a</strong></span> <span class='ocrx_word' id='word_1_154' title='bbox 557 1124 587 1153; x_wconf 86' lang='lat' dir='ltr'><strong>te</strong></span> <span class='ocrx_word' id='word_1_155' title='bbox 603 1122 731 1153; x_wconf 85' lang='lat' dir='ltr'><strong>civitate</strong></span> <span class='ocrx_word' id='word_1_156' title='bbox 746 1122 897 1152; x_wconf 88' lang='lat' dir='ltr'><strong>donatum</strong></span> <span class='ocrx_word' id='word_1_157' title='bbox 912 1124 967 1152; x_wconf 87' lang='lat' dir='ltr'><strong>aut</strong></span> <span class='ocrx_word' id='word_1_158' title='bbox 982 1122 1014 1152; x_wconf 87' lang='lat' dir='ltr'><strong>in</strong></span> <span class='ocrx_word' id='word_1_159' title='bbox 1029 1121 1175 1152; x_wconf 82' lang='lat' dir='ltr'><strong>Latinam</strong></span> 
     </span>
     <span class='ocr_line' id='line_1_24' title="bbox 172 1166 1175 1207; baseline -0.001 -10"><span class='ocrx_word' id='word_1_160' title='bbox 172 1167 329 1197; x_wconf 87' lang='lat' dir='ltr'><strong>coloniam</strong></span> <span class='ocrx_word' id='word_1_161' title='bbox 355 1167 532 1203; x_wconf 84' lang='lat' dir='ltr'><strong>deductum,</strong></span> <span class='ocrx_word' id='word_1_162' title='bbox 557 1167 583 1197; x_wconf 81' lang='lat' dir='ltr'><strong>si</strong></span> <span class='ocrx_word' id='word_1_163' title='bbox 607 1169 641 1197; x_wconf 88' lang='lat' dir='ltr'><strong>tu</strong></span> <span class='ocrx_word' id='word_1_164' title='bbox 666 1178 702 1197; x_wconf 92' lang='lat' dir='ltr'><strong>eo</strong></span> <span class='ocrx_word' id='word_1_165' title='bbox 727 1166 773 1197; x_wconf 88' lang='lat' dir='ltr'><strong>uti</strong></span> <span class='ocrx_word' id='word_1_166' title='bbox 798 1166 945 1207; x_wconf 83' lang='lat' dir='ltr'><strong>dignatus</strong></span> <span class='ocrx_word' id='word_1_167' title='bbox 964 1166 1057 1203; x_wconf 84' lang='lat' dir='ltr'><strong>fores,</strong></span> <span class='ocrx_word' id='word_1_168' title='bbox 1082 1167 1175 1196; x_wconf 89' lang='lat' dir='ltr'><strong>esset-</strong></span> 
     </span>
     <span class='ocr_line' id='line_1_25' title="bbox 173 1209 1174 1251; baseline -0.001 -10"><span class='ocrx_word' id='word_1_169' title='bbox 173 1222 233 1251; x_wconf 91' lang='lat' dir='ltr'><strong>que</strong></span> <span class='ocrx_word' id='word_1_170' title='bbox 262 1211 292 1241; x_wconf 91' lang='lat' dir='ltr'><strong>id</strong></span> <span class='ocrx_word' id='word_1_171' title='bbox 322 1211 471 1251; x_wconf 83' lang='lat' dir='ltr'><strong>inpendio</strong></span> <span class='ocrx_word' id='word_1_172' title='bbox 502 1210 711 1251; x_wconf 85' lang='lat' dir='ltr'><strong>probabilius,</strong></span> <span class='ocrx_word' id='word_1_173' title='bbox 740 1222 833 1251; x_wconf 89' lang='lat' dir='ltr'><strong>quam</strong></span> <span class='ocrx_word' id='word_1_174' title='bbox 864 1221 943 1250; x_wconf 90' lang='lat' dir='ltr'><strong>quae</strong></span> <span class='ocrx_word' id='word_1_175' title='bbox 971 1221 989 1240; x_wconf 94' lang='lat' dir='ltr'><strong>a</strong></span> <span class='ocrx_word' id='word_1_176' title='bbox 1014 1209 1174 1240; x_wconf 83' lang='lat' dir='ltr'><strong>Laberio</strong></span> 
     </span>
     <span class='ocr_line' id='line_1_26' title="bbox 171 1254 1175 1296; baseline -0.001 -11"><span class='ocrx_word' id='word_1_177' title='bbox 171 1255 326 1296; x_wconf 83' lang='lat' dir='ltr'><strong>ignobilia</strong></span> <span class='ocrx_word' id='word_1_178' title='bbox 354 1255 448 1285; x_wconf 88' lang='lat' dir='ltr'><strong>nimis</strong></span> <span class='ocrx_word' id='word_1_179' title='bbox 478 1258 508 1286; x_wconf 91' lang='lat' dir='ltr'><strong>et</strong></span> <span class='ocrx_word' id='word_1_180' title='bbox 537 1255 695 1286; x_wconf 81' lang='lat' dir='ltr'><strong>sordentia</strong></span> <span class='ocrx_word' id='word_1_181' title='bbox 720 1255 752 1285; x_wconf 89' lang='lat' dir='ltr'><strong>in</strong></span> <span class='ocrx_word' id='word_1_182' title='bbox 776 1265 868 1285; x_wconf 83' lang='lat' dir='ltr'><strong>usum</strong></span> <span class='ocrx_word' id='word_1_183' title='bbox 891 1255 1019 1295; x_wconf 79' lang='lat' dir='ltr'><strong>linguae</strong></span> <span class='ocrx_word' id='word_1_184' title='bbox 1043 1254 1175 1284; x_wconf 86' lang='lat' dir='ltr'><strong>Latinae</strong></span> 
     </span>
     <span class='ocr_line' id='line_1_27' title="bbox 171 1299 468 1330; baseline -0.003 0"><span class='ocrx_word' id='word_1_185' title='bbox 171 1300 352 1330; x_wconf 84' lang='lat' dir='ltr'><strong>intromissa</strong></span> <span class='ocrx_word' id='word_1_186' title='bbox 376 1299 468 1330; x_wconf 70' lang='lat' dir='ltr'><strong>sunt.³</strong></span> 
     </span>
    </p>

    <p class='ocr_par' dir='ltr' id='par_1_7' title="bbox 146 1341 1175 1517">
     <span class='ocr_line' id='line_1_28' title="bbox 146 1341 1175 1384; baseline -0.002 -10"><span class='ocrx_word' id='word_1_187' title='bbox 146 1353 161 1375; x_wconf 80' lang='lat'>4</span> <span class='ocrx_word' id='word_1_188' title='bbox 239 1343 319 1374; x_wconf 90' lang='lat' dir='ltr'><strong>Tum</strong></span> <span class='ocrx_word' id='word_1_189' title='bbox 339 1343 473 1374; x_wconf 85' lang='lat' dir='ltr'><strong>Festus</strong></span> <span class='ocrx_word' id='word_1_190' title='bbox 493 1343 711 1374; x_wconf 86' lang='lat' dir='ltr'><strong>Postumius</strong></span> <span class='ocrx_word' id='word_1_191' title='bbox 733 1343 939 1384; x_wconf 82' lang='lat' dir='ltr'><strong>grammatico</strong></span> <span class='ocrx_word' id='word_1_192' title='bbox 961 1342 1098 1383; x_wconf 87' lang='lat' dir='ltr'><strong>cuipiam</strong></span> <span class='ocrx_word' id='word_1_193' title='bbox 1118 1341 1175 1372; x_wconf 91' lang='lat' dir='ltr'><strong>La-</strong></span> 
     </span>
     <span class='ocr_line' id='line_1_29' title="bbox 172 1385 1175 1427; baseline -0.002 -9"><span class='ocrx_word' id='word_1_194' title='bbox 172 1389 248 1427; x_wconf 89' lang='lat' dir='ltr'><strong>tino,</strong></span> <span class='ocrx_word' id='word_1_195' title='bbox 274 1387 477 1418; x_wconf 87' lang='lat' dir='ltr'><strong>Frontonis</strong></span> <span class='ocrx_word' id='word_1_196' title='bbox 502 1388 664 1418; x_wconf 83' lang='lat' dir='ltr'><strong>familiari:</strong></span> <span class='ocrx_word' id='word_1_197' title='bbox 689 1387 818 1418; x_wconf 85' lang='lat' dir='ltr'><strong>‘docuit&#39;</strong></span> <span class='ocrx_word' id='word_1_198' title='bbox 844 1387 948 1427; x_wconf 87' lang='lat' dir='ltr'><strong>inquit</strong></span> <span class='ocrx_word' id='word_1_199' title='bbox 973 1387 1041 1417; x_wconf 69' lang='lat' dir='ltr'><strong>‘nos</strong></span> <span class='ocrx_word' id='word_1_200' title='bbox 1060 1385 1175 1426; x_wconf 88' lang='lat' dir='ltr'><strong>Apol-</strong></span> 
     </span>
     <span class='ocr_line' id='line_1_30' title="bbox 172 1430 1175 1471; baseline -0.001 -9"><span class='ocrx_word' id='word_1_201' title='bbox 172 1432 306 1462; x_wconf 88' lang='lat' dir='ltr'><strong>linaris</strong></span> <span class='ocrx_word' id='word_1_202' title='bbox 336 1432 457 1462; x_wconf 80' lang='lat' dir='ltr'><strong>‘nanos’</strong></span> <span class='ocrx_word' id='word_1_203' title='bbox 488 1432 619 1462; x_wconf 84' lang='lat' dir='ltr'><strong>verbum</strong></span> <span class='ocrx_word' id='word_1_204' title='bbox 649 1431 799 1462; x_wconf 84' lang='lat' dir='ltr'><strong>Graecum</strong></span> <span class='ocrx_word' id='word_1_205' title='bbox 831 1442 910 1471; x_wconf 87' lang='lat' dir='ltr'><strong>esse,</strong></span> <span class='ocrx_word' id='word_1_206' title='bbox 941 1433 975 1462; x_wconf 89' lang='lat' dir='ltr'><strong>tu</strong></span> <span class='ocrx_word' id='word_1_207' title='bbox 1004 1441 1062 1461; x_wconf 88' lang='lat' dir='ltr'><strong>nos</strong></span> <span class='ocrx_word' id='word_1_208' title='bbox 1090 1430 1175 1468; x_wconf 88' lang='lat' dir='ltr'><strong>doce,</strong></span> 
     </span>
     <span class='ocr_line' id='line_1_31' title="bbox 172 1474 1175 1517; baseline -0.002 -11"><span class='ocrx_word' id='word_1_209' title='bbox 172 1477 204 1506; x_wconf 90' lang='lat' dir='ltr'><strong>in</strong></span> <span class='ocrx_word' id='word_1_210' title='bbox 228 1487 290 1517; x_wconf 87' lang='lat' dir='ltr'><strong>quo</strong></span> <span class='ocrx_word' id='word_1_211' title='bbox 314 1475 350 1506; x_wconf 90' lang='lat' dir='ltr'><strong>de</strong></span> <span class='ocrx_word' id='word_1_212' title='bbox 371 1476 464 1506; x_wconf 84' lang='lat' dir='ltr'><strong>mulis</strong></span> <span class='ocrx_word' id='word_1_213' title='bbox 484 1478 539 1507; x_wconf 86' lang='lat' dir='ltr'><strong>aut</strong></span> <span class='ocrx_word' id='word_1_214' title='bbox 558 1476 673 1506; x_wconf 88' lang='lat' dir='ltr'><strong>eculeis</strong></span> <span class='ocrx_word' id='word_1_215' title='bbox 693 1475 915 1506; x_wconf 87' lang='lat' dir='ltr'><strong>humilioribus</strong></span> <span class='ocrx_word' id='word_1_216' title='bbox 936 1475 1031 1516; x_wconf 83' lang='lat' dir='ltr'><strong>vulgo</strong></span> <span class='ocrx_word' id='word_1_217' title='bbox 1052 1474 1175 1513; x_wconf 81' lang='lat' dir='ltr'><strong>dicitur,</strong></span> 
     </span>
    </p>
   </div>
   <div class='ocr_carea' id='block_1_5' title="bbox 203 1542 381 1547">
    <p class='ocr_par' dir='ltr' id='par_1_8' title="bbox 203 1542 381 1547">
     <span class='ocr_line' id='line_1_32' title="bbox 203 1542 381 1547; baseline 0 0"><span class='ocrx_word' id='word_1_218' title='bbox 203 1542 381 1547; x_wconf 95' lang='lat' dir='ltr'><strong> </strong></span> 
     </span>
    </p>
   </div>
   <div class='ocr_carea' id='block_1_6' title="bbox 241 1581 426 1612">
    <p class='ocr_par' dir='ltr' id='par_1_9' title="bbox 241 1581 426 1612">
     <span class='ocr_line' id='line_1_33' title="bbox 241 1581 426 1612; baseline 0 -7"><span class='ocrx_word' id='word_1_219' title='bbox 241 1584 256 1606; x_wconf 78' lang='lat'>9</span> <span class='ocrx_word' id='word_1_220' title='bbox 276 1581 337 1605; x_wconf 77' lang='lat' dir='ltr'><strong>xvi</strong></span> <span class='ocrx_word' id='word_1_221' title='bbox 354 1584 377 1612; x_wconf 77' lang='grc' dir='ltr'><strong>τ,</strong></span> <span class='ocrx_word' id='word_1_222' title='bbox 396 1583 426 1606; x_wconf 77' lang='grc' dir='ltr'><strong>ιο</strong></span> 
     </span>
    </p>
   </div>
   <div class='ocr_carea' id='block_1_7' title="bbox 171 1667 1175 1773">
    <p class='ocr_par' dir='ltr' id='par_1_10' title="bbox 171 1667 1175 1773">
     <span class='ocr_line' id='line_1_34' title="bbox 242 1667 1174 1702; baseline -0.003 -8"><span class='ocrx_word' id='word_1_223' title='bbox 242 1672 273 1694; x_wconf 85' lang='grc'><strong>14</strong></span> <span class='ocrx_word' id='word_1_224' title='bbox 298 1669 376 1702; x_wconf 85' lang='lat' dir='ltr'><strong>uulgi</strong></span> <span class='ocrx_word' id='word_1_225' title='bbox 396 1669 419 1694; x_wconf 80' lang='lat' dir='ltr'><strong>is</strong></span> <span class='ocrx_word' id='word_1_226' title='bbox 440 1671 459 1697; x_wconf 71' lang='grc'><strong>0,</strong></span> <span class='ocrx_word' id='word_1_227' title='bbox 484 1668 583 1702; x_wconf 83' lang='lat' dir='ltr'><strong>uulgus</strong></span> <span class='ocrx_word' id='word_1_228' title='bbox 603 1671 619 1693; x_wconf 91' lang='lat' dir='ltr'>Z</span> <span class='ocrx_word' id='word_1_229' title='bbox 639 1670 647 1701; x_wconf 74' lang='grc' dir='ltr'>Η</span> <span class='ocrx_word' id='word_1_230' title='bbox 668 1671 699 1693; x_wconf 85' lang='grc'><strong>16</strong></span> <span class='ocrx_word' id='word_1_231' title='bbox 719 1667 817 1694; x_wconf 81' lang='lat' dir='ltr'><strong>Graeci</strong></span> <span class='ocrx_word' id='word_1_232' title='bbox 838 1676 852 1693; x_wconf 86' lang='grc' dir='ltr'>σ</span> <span class='ocrx_word' id='word_1_233' title='bbox 871 1670 879 1700; x_wconf 84' lang='grc' dir='ltr'><strong>ΙΙ</strong></span> <span class='ocrx_word' id='word_1_234' title='bbox 900 1670 931 1693; x_wconf 88' lang='grc'><strong>19</strong></span> <span class='ocrx_word' id='word_1_235' title='bbox 952 1676 1013 1693; x_wconf 87' lang='lat' dir='ltr'><strong>cum</strong></span> <span class='ocrx_word' id='word_1_236' title='bbox 1033 1667 1137 1692; x_wconf 86' lang='lat' dir='ltr'><strong>sentiae</strong></span> <span class='ocrx_word' id='word_1_237' title='bbox 1157 1669 1174 1690; x_wconf 90' lang='lat' dir='ltr'>Z</span> 
     </span>
     <span class='ocr_line' id='line_1_35' title="bbox 172 1702 1175 1737; baseline -0.002 -8"><span class='ocrx_word' id='word_1_238' title='bbox 172 1704 315 1730; x_wconf 84' lang='lat' dir='ltr'><strong>consencie</strong></span> <span class='ocrx_word' id='word_1_239' title='bbox 336 1706 356 1732; x_wconf 77' lang='lat' dir='ltr'>Q</span> <span class='ocrx_word' id='word_1_240' title='bbox 377 1706 385 1737; x_wconf 88' lang='grc' dir='ltr'><strong>ΙΙ</strong></span> <span class='ocrx_word' id='word_1_241' title='bbox 407 1707 437 1729; x_wconf 72' lang='grc'><strong>21</strong></span> <span class='ocrx_word' id='word_1_242' title='bbox 458 1703 587 1733; x_wconf 52' lang='lat' dir='ltr'><strong>&#39;muci-623</strong></span> <span class='ocrx_word' id='word_1_243' title='bbox 607 1704 691 1730; x_wconf 72' lang='lat' dir='ltr'><strong>Hertz</strong></span> <span class='ocrx_word' id='word_1_244' title='bbox 716 1702 841 1729; x_wconf 70' lang='grc' dir='ltr'>ὀΚὰΛΕΟ</span> <span class='ocrx_word' id='word_1_245' title='bbox 861 1704 900 1729; x_wconf 78' lang='lat' dir='ltr'><strong>sic</strong></span> <span class='ocrx_word' id='word_1_246' title='bbox 917 1703 972 1735; x_wconf 77' lang='lat' dir='ltr'><strong>fere</strong></span> <span class='ocrx_word' id='word_1_247' title='bbox 991 1713 1011 1728; x_wconf 88' lang='grc' dir='ltr'><em>ω</em></span> <span class='ocrx_word' id='word_1_248' title='bbox 1036 1703 1175 1734; x_wconf 75' lang='grc' dir='ltr'><em>Δαιταλῆς</em></span> 
     </span>
     <span class='ocr_line' id='line_1_36' title="bbox 171 1737 1173 1773; baseline -0.003 -8"><span class='ocrx_word' id='word_1_249' title='bbox 171 1740 319 1765; x_wconf 72' lang='lat' dir='ltr'><strong>Ascherson</strong></span> <span class='ocrx_word' id='word_1_250' title='bbox 332 1739 461 1768; x_wconf 69' lang='grc' dir='ltr'><strong><em>Κωκαλὺς</em></strong></span> <span class='ocrx_word' id='word_1_251' title='bbox 472 1739 584 1765; x_wconf 60' lang='lat' dir='ltr'><strong>Salmas</strong></span> <span class='ocrx_word' id='word_1_252' title='bbox 600 1740 608 1771; x_wconf 78' lang='lat' dir='ltr'>U</span> <span class='ocrx_word' id='word_1_253' title='bbox 624 1741 656 1764; x_wconf 63' lang='lat'><strong>*24</strong></span> <span class='ocrx_word' id='word_1_254' title='bbox 671 1738 711 1773; x_wconf 88' lang='lat' dir='ltr'><strong>id]</strong></span> <span class='ocrx_word' id='word_1_255' title='bbox 723 1738 758 1764; x_wconf 89' lang='lat' dir='ltr'><strong>ad</strong></span> <span class='ocrx_word' id='word_1_256' title='bbox 768 1747 786 1772; x_wconf 82' lang='grc' dir='ltr'>γ</span> <span class='ocrx_word' id='word_1_257' title='bbox 801 1740 809 1770; x_wconf 73' lang='grc' dir='ltr'>Η</span> <span class='ocrx_word' id='word_1_258' title='bbox 825 1741 856 1763; x_wconf 86' lang='grc'><strong>30</strong></span> <span class='ocrx_word' id='word_1_259' title='bbox 872 1739 901 1764; x_wconf 88' lang='lat' dir='ltr'><strong>in</strong></span> <span class='ocrx_word' id='word_1_260' title='bbox 911 1738 977 1772; x_wconf 90' lang='lat' dir='ltr'><strong>quo]</strong></span> <span class='ocrx_word' id='word_1_261' title='bbox 989 1738 1119 1771; x_wconf 86' lang='lat' dir='ltr'><strong>quoniam</strong></span> <span class='ocrx_word' id='word_1_262' title='bbox 1130 1737 1173 1763; x_wconf 68' lang='lat' dir='ltr'><strong>sk.</strong></span> 
     </span>
    </p>
   </div>
   <div class='ocr_carea' id='block_1_8' title="bbox 1192 604 1217 622">
    <p class='ocr_par' dir='ltr' id='par_1_11' title="bbox 1192 604 1217 622">
     <span class='ocr_line' id='line_1_37' title="bbox 1192 604 1217 622; baseline 0 0"><span class='ocrx_word' id='word_1_263' title='bbox 1192 604 1217 622; x_wconf 90' lang='grc'><strong>10</strong></span> 
     </span>
    </p>
   </div>
   <div class='ocr_carea' id='block_1_9' title="bbox 1191 824 1216 843">
    <p class='ocr_par' dir='ltr' id='par_1_12' title="bbox 1191 824 1216 843">
     <span class='ocr_line' id='line_1_38' title="bbox 1191 824 1216 843; baseline 0 0"><span class='ocrx_word' id='word_1_264' title='bbox 1191 824 1216 843; x_wconf 86' lang='grc'><strong>15</strong></span> 
     </span>
    </p>
   </div>
   <div class='ocr_carea' id='block_1_10' title="bbox 1190 1045 1215 1063">
    <p class='ocr_par' dir='ltr' id='par_1_13' title="bbox 1190 1045 1215 1063">
     <span class='ocr_line' id='line_1_39' title="bbox 1190 1045 1215 1063; baseline 0 0"><span class='ocrx_word' id='word_1_265' title='bbox 1190 1045 1215 1063; x_wconf 71' lang='grc'><strong>20</strong></span> 
     </span>
    </p>
   </div>
   <div class='ocr_carea' id='block_1_11' title="bbox 1190 1265 1214 1284">
    <p class='ocr_par' dir='ltr' id='par_1_14' title="bbox 1190 1265 1214 1284">
     <span class='ocr_line' id='line_1_40' title="bbox 1190 1265 1214 1284; baseline 0 0"><span class='ocrx_word' id='word_1_266' title='bbox 1190 1265 1214 1284; x_wconf 69' lang='lat'><strong>25</strong></span> 
     </span>
    </p>
   </div>
   <div class='ocr_carea' id='block_1_12' title="bbox 1190 1486 1215 1504">
    <p class='ocr_par' dir='ltr' id='par_1_15' title="bbox 1190 1486 1215 1504">
     <span class='ocr_line' id='line_1_41' title="bbox 1190 1486 1215 1504; baseline 0 0"><span class='ocrx_word' id='word_1_267' title='bbox 1190 1486 1215 1504; x_wconf 76' lang='lat'><strong>:30</strong></span> 
     </span>
    </p>
   </div>
   <div class='ocr_carea' id='block_1_13' title="bbox 1258 277 1266 405">
    <p class='ocr_par' dir='ltr' id='par_1_16' title="bbox 1258 277 1266 405">
     <span class='ocr_line' id='line_1_42' title="bbox 1258 277 1266 405; textangle 90"><span class='ocrx_word' id='word_1_268' title='bbox 1258 377 1266 405; x_wconf 53' lang='grc' dir='ltr'><strong>,ἒ</strong></span> <span class='ocrx_word' id='word_1_269' title='bbox 1259 332 1266 351; x_wconf 79' lang='lat'><em>.=.-</em></span> <span class='ocrx_word' id='word_1_270' title='bbox 1259 277 1266 307; x_wconf 59' lang='lat' dir='ltr'><strong>„s-</strong></span> 
     </span>
    </p>
   </div>
   <div class='ocr_carea' id='block_1_14' title="bbox 1232 0 1252 1902">
    <p class='ocr_par' dir='ltr' id='par_1_17' title="bbox 1232 0 1252 1902">
     <span class='ocr_line' id='line_1_43' title="bbox 1232 0 1252 1902; baseline 0 0"><span class='ocrx_word' id='word_1_271' title='bbox 1232 0 1252 1902; x_wconf 95' lang='lat' dir='ltr'><strong> </strong></span> 
     </span>
    </p>
   </div>
   <div class='ocr_carea' id='block_1_15' title="bbox 1256 497 1266 573">
    <p class='ocr_par' dir='ltr' id='par_1_18' title="bbox 1256 497 1266 573">
     <span class='ocr_line' id='line_1_44' title="bbox 1256 497 1266 573; textangle 90"><span class='ocrx_word' id='word_1_272' title='bbox 1256 497 1266 573; x_wconf 53' lang='lat'><strong>⁶3²0-</strong></span> 
     </span>
    </p>
   </div>
  </div>
 </body>
</html>
