1266 1902
194 46 255 77 176
639 47 701 73 XVI
723 50 754 73 10

192 129 303 159 vades
332 130 363 159 et
391 128 532 169 viginti
561 128 728 168 quinque
755 139 857 159 asses
886 131 917 159 et
945 129 1110 159 taliones
1136 128 1199 159 fur<

192 175 361 212 torumque
395 172 538 212 quaestio
572 182 652 202 cum
685 172 792 202 lance
825 174 860 203 et
891 173 982 203 licio
1014 173 1199 203 evanuerint

193 217 358 256 omnisque
387 216 441 246 illa
470 216 635 247 duodecim
665 216 845 247 tabularum
874 217 1047 257 antiquitas
1076 217 1137 247 nisi
1166 217 1200 247 in

192 261 271 302 legis
293 260 472 291 actionibus
492 260 766 291 centumviralium
787 271 952 291 causarum
971 262 1041 302 lege
1061 260 1199 292 Aebutia

192 306 257 335 lata
281 305 446 344 consopita
470 304 520 344 sit,
544 305 682 335 studium
708 305 934 345 scientiamque
959 316 1017 346 ego
1040 307 1198 346 praestare

193 348 291 379 debeo
312 348 389 379 iuris
409 350 440 379 et
458 349 565 389 legum
586 359 763 389 vocumque
783 360 898 388 earum,
923 349 1037 389 quibus
1057 349 1196 380 utimur?

167 401 181 423 9
259 392 340 423 Tum
364 393 446 423 forte
471 393 606 432 quadam
630 391 768 423 Iulium
790 392 961 433 Paulum,
985 395 1111 434 poetam
1136 404 1199 424 me-

194 437 311 468 moriae
340 439 465 467 nostrae
494 437 726 476 doctissimum,
756 439 1007 477 praetereuntem
1037 438 1198 478 conspexi-

152 490 272 512 lomus.
315 480 344 511 Is
368 492 386 511 a
408 481 500 511 nobis
521 482 676 511 salutatur
694 483 896 522 rogatusque,
920 482 967 512 uti
987 481 1024 512 de
1044 482 1199 512 sententia

194 525 294 565 deque
312 525 435 556 ratione
455 525 545 556 istius
565 525 712 556 vocabuli
731 536 788 556 nos
807 526 945 556 doceret:
966 526 1032 565 ‘qui
1048 526 1080 556 in
1095 526 1198 566 plebe’

194 570 298 609 inquit
323 568 478 600 ‘Romana
502 569 679 600 tenuissimi
704 570 960 610 pauperrimique
985 572 1074 600 erant
1097 580 1199 610 neque

193 614 344 654 amplius,
371 624 464 653 quam
490 614 577 644 mille
602 613 809 655 quingentum
835 615 914 644 aeris
940 614 971 644 in
996 624 1124 645 censum
1150 614 1199 645 de-

193 658 344 697 ferebant,
370 658 554 697 ‘proletarii’
581 658 731 698 appellati
756 660 838 697 sunt,
862 659 916 697 qui
940 669 1014 689 vero
1036 658 1125 689 nullo
1145 660 1200 689 aut

194 712 345 742 perquam
367 713 464 742 parvo
480 713 550 732 aere
566 702 783 742 censebantur,
803 703 918 742 ‘capite
934 703 1029 733 eensi'
1047 702 1199 733 vocabam

194 748 258 786 tur3
283 748 440 776 extremus
465 748 570 776 autem
596 756 706 777 census
731 746 833 787 capite
856 757 1020 777 censorum
1040 747 1119 777 aeris
1139 747 1200 777 fuit

152 800 181 822 11
195 790 342 821 trecentis
374 791 576 831 septuaginta
606 791 752 831 quinque.
804 790 864 821 Sed
893 791 1042 830 quoniam
1072 802 1120 821 res
1149 802 1200 831 pe-

196 835 351 874 cuniaque
371 834 535 865 familiaris
557 835 675 865 obsidis
695 835 794 865 vicem
815 835 1017 876 pignerisque
1035 846 1101 866 esse
1116 835 1200 875 apud

195 879 425 919 rempublicam
463 879 629 909 videbatur
666 880 843 919 amorisque
881 880 913 909 in
950 879 1085 919 patriam
1122 879 1200 910 fides

196 923 349 962 quaedam
374 923 407 953 in
431 934 466 953 ea
490 923 787 963 firmamentumque
812 925 886 963 erat,
912 934 1014 963 neque
1038 923 1200 964 proletarii

195 978 296 1006 neque
331 967 432 1007 capite
466 968 551 998 censi
584 968 700 998 milites
732 968 793 998 nisi
826 968 858 998 in
890 968 1031 998 tumultu
1061 968 1199 998 maximo

195 1011 427 1049 scribebantur,
460 1012 534 1051 quia
564 1012 685 1042 familia
713 1012 908 1052 pecuniaque
936 1011 985 1042 his
1014 1014 1069 1042 aut
1096 1012 1200 1042 tenuis

152 1065 183 1087 12
195 1057 250 1085 aut
278 1056 365 1085 nulla
394 1058 483 1086 esset.
530 1055 777 1086 Proletariorum
806 1058 913 1086 tamen
937 1056 1013 1086 ordo
1038 1055 1201 1086 honestior

196 1099 358 1139 aliquanto
383 1102 414 1130 et
437 1111 470 1130 re
494 1102 525 1130 et
548 1100 675 1130 nomine
700 1111 793 1139 quam
819 1101 921 1140 capite
941 1110 1106 1130 censorum
1126 1100 1199 1130 fuit:
1244 1125 1246 1130 .

154 1153 183 1175 13
195 1155 269 1174 nam
294 1146 324 1174 et
347 1144 466 1184 asperis
490 1144 682 1184 reipublicae
706 1144 911 1184 temporibus,
936 1154 1007 1174 cum
1027 1144 1199 1174 iuventutis

195 1188 303 1228 inopia
340 1190 435 1227 esset,
474 1189 507 1218 in
544 1188 690 1219 militiam
728 1189 967 1219 tumultuariam
1005 1188 1200 1229 legebantur,

195 1243 344 1272 armaque
368 1232 394 1262 is
419 1235 548 1272 sumptu
573 1233 701 1273 publico
721 1232 961 1273 praebebantur,
985 1234 1016 1262 et
1034 1243 1097 1262 non
1118 1232 1200 1272 capi-

196 1276 236 1306 tis
266 1276 425 1315 censione,
454 1277 507 1307 sed
536 1277 735 1317 prosperiore
758 1277 913 1307 vocabulo
937 1287 955 1306 a
980 1287 1108 1307 munere
1132 1276 1200 1306 offi-

196 1320 307 1359 cioque
341 1320 439 1360 prolis
473 1321 610 1351 edendae
638 1321 789 1361 appellati
818 1323 903 1360 sunt,
937 1321 1035 1361 quod,
1068 1331 1138 1351 cum
1167 1331 1200 1351 re

195 1364 343 1394 familiari
381 1375 478 1404 parva
515 1365 619 1395 minus
657 1367 786 1405 possent
822 1364 1051 1405 rempublicam
1084 1365 1200 1404 iuvare,

196 1408 316 1439 subolis
340 1410 447 1439 tamen
469 1409 644 1450 gignendae
664 1409 755 1449 copia
775 1409 934 1439 civitatem
955 1408 1198 1448 frequentarent.

267 1507 281 1529 2
293 1513 351 1537 sqq,
373 1503 432 1529 Gai.
448 1504 485 1529 IV
501 1507 533 1529 30
545 1513 583 1537 sq.
714 1507 744 1529 10
756 1512 814 1537 sqq.
834 1504 903 1529 Non.
920 1504 943 1529 H
958 1513 984 1537 pr
1002 1507 1059 1536 155,
1078 1506 1108 1529 19
1128 1503 1199 1529 Exu-

196 1547 252 1572 per.
270 1542 284 1564 2
404 1542 436 1564 ⁴22
448 1548 506 1572 sqq.
527 1540 596 1565 Non*
613 1540 623 1564 I
638 1548 664 1573 p.
682 1542 722 1572 67,
739 1542 769 1564 18
789 1540 865 1564 Paul.
882 1549 907 1572 p.
924 1542 983 1571 ²226,
1001 1542 1031 1564 13
1052 1538 1106 1564 Cic.
1123 1539 1156 1564 de
1171 1547 1199 1564 re

196 1583 221 1607 p.
238 1574 262 1599 Π
278 1578 319 1607 22,
335 1577 367 1600 40
388 1574 455 1599 cer.
470 1575 507 1600 VI
523 1578 571 1600 106
592 1575 641 1600 VH
658 1578 706 1600 140
726 1575 791 1608 (Liv.
807 1575 831 1599 11
847 1577 870 1606 9,
887 1577 912 1607 6)

267 1657 281 1678 5
297 1653 354 1679 lala
369 1662 431 1679 cum
446 1654 537 1687 sopita
548 1655 570 1679 δ
584 1655 592 1687 H
609 1657 640 1680 16
651 1654 767 1680 trecenti
777 1654 846 1680 JGr.
863 1657 870 1683 l*
887 1657 918 1679 18
933 1662 990 1679 rem
1003 1675 1006 1679 .
1019 1663 1044 1687 p.
1056 1663 1074 1687 γ
1088 1661 1145 1679 rem
1156 1654 1178 1679 δ
1192 1654 1200 1687 ξ]

197 1692 228 1714 21
249 1688 357 1714 familia
376 1697 447 1721 quae
468 1689 595 1722 (pecunia
612 1692 673 1722 om.)
688 1692 764 1714 Nox
783 1689 956 1722 pecuniaque
976 1698 1024 1715 om.
1044 1690 1075 1714 Π
1092 1690 1100 1722 ΙΙ
1119 1691 1151 1714 23
1171 1696 1199 1714 re

196 1725 225 1750 et
244 1725 281 1759 u.]
301 1724 402 1750 rectior
422 1726 463 1750 est
480 1726 512 1750 Π
528 1733 557 1750 re
572 1726 600 1750 et
614 1733 668 1750 non
684 1726 725 1750 est
739 1727 762 1749 X
776 1726 784 1758 ΙΙ
800 1728 831 1750 26
847 1725 889 1750 his
906 1726 939 1750 Π
954 1725 956 1758 Ι
974 1733 1027 1750 11011
1043 1724 1101 1758 <a>
1116 1725 1200 1750 Hertz

1216 760 1236 779 15
1261 772 1266 790 s

1216 980 1234 999 2(

1214 1420 1232 1440 3(
