<?xml version="1.0" encoding="UTF-8"?>
<!DOCTYPE html PUBLIC "-//W3C//DTD XHTML 1.0 Transitional//EN"
    "http://www.w3.org/TR/xhtml1/DTD/xhtml1-transitional.dtd">
<html xmlns="http://www.w3.org/1999/xhtml" xml:lang="en" lang="en">
 <head>
  <title>
</title>
<meta http-equiv="Content-Type" content="text/html;charset=utf-8" />
  <meta name='ocr-system' content='tesseract 3.04.00' />
  <meta name='ocr-capabilities' content='ocr_page ocr_carea ocr_par ocr_line ocrx_word'/>
</head>
<body>
  <div class='ocr_page' id='page_1' title='image "./agelliinoctiumat02gelluoft_0276.png"; bbox 0 0 1266 1902; ppageno 0'>
   <div class='ocr_carea' id='block_1_1' title="bbox 150 61 700 93">
    <p class='ocr_par' dir='ltr' id='par_1_1' title="bbox 150 61 700 93">
     <span class='ocr_line' id='line_1_1' title="bbox 150 61 700 93; baseline -0.013 0"><span class='ocrx_word' id='word_1_1' title='bbox 150 62 215 93; x_wconf 77' lang='lat'>270</span> <span class='ocrx_word' id='word_1_2' title='bbox 603 61 665 87; x_wconf 81' lang='lat' dir='ltr'>XIX</span> <span class='ocrx_word' id='word_1_3' title='bbox 685 64 700 87; x_wconf 86' lang='lat'>8</span> 
     </span>
    </p>
   </div>
   <div class='ocr_carea' id='block_1_2' title="bbox 105 142 1154 1508">
    <p class='ocr_par' dir='ltr' id='par_1_2' title="bbox 149 142 1154 316">
     <span class='ocr_line' id='line_1_2' title="bbox 150 142 1153 183; baseline -0.001 -9"><span class='ocrx_word' id='word_1_4' title='bbox 150 143 211 175; x_wconf 85' lang='lat' dir='ltr'>Sed</span> <span class='ocrx_word' id='word_1_5' title='bbox 244 144 328 174; x_wconf 85' lang='lat' dir='ltr'>enim</span> <span class='ocrx_word' id='word_1_6' title='bbox 359 143 512 174; x_wconf 87' lang='lat' dir='ltr'>‘harenas&#39;</span> <span class='ocrx_word' id='word_1_7' title='bbox 543 153 654 183; x_wconf 81' lang='lat' dir='ltr'>parum</span> <span class='ocrx_word' id='word_1_8' title='bbox 684 142 795 173; x_wconf 87' lang='lat' dir='ltr'>Latine</span> <span class='ocrx_word' id='word_1_9' title='bbox 824 143 885 174; x_wconf 85' lang='lat' dir='ltr'>dici</span> <span class='ocrx_word' id='word_1_10' title='bbox 914 143 997 183; x_wconf 84' lang='lat' dir='ltr'>quis,</span> <span class='ocrx_word' id='word_1_11' title='bbox 1030 153 1085 173; x_wconf 86' lang='lat' dir='ltr'>oro</span> <span class='ocrx_word' id='word_1_12' title='bbox 1113 145 1153 182; x_wconf 81' lang='lat' dir='ltr'>te,</span> 
     </span>
     <span class='ocr_line' id='line_1_3' title="bbox 149 185 1154 227; baseline -0.001 -9"><span class='ocrx_word' id='word_1_13' title='bbox 149 189 229 219; x_wconf 84' lang='lat' dir='ltr'>alius</span> <span class='ocrx_word' id='word_1_14' title='bbox 258 190 313 218; x_wconf 89' lang='lat' dir='ltr'>aut</span> <span class='ocrx_word' id='word_1_15' title='bbox 341 188 468 227; x_wconf 85' lang='lat' dir='ltr'>scripsit</span> <span class='ocrx_word' id='word_1_16' title='bbox 495 189 550 218; x_wconf 90' lang='lat' dir='ltr'>aut</span> <span class='ocrx_word' id='word_1_17' title='bbox 578 186 679 217; x_wconf 76' lang='lat' dir='ltr'>dixit?</span> <span class='ocrx_word' id='word_1_18' title='bbox 725 185 772 217; x_wconf 84' lang='lat' dir='ltr'>Ac</span> <span class='ocrx_word' id='word_1_19' title='bbox 800 189 966 227; x_wconf 87' lang='lat' dir='ltr'>propterea</span> <span class='ocrx_word' id='word_1_20' title='bbox 995 189 1081 227; x_wconf 85' lang='lat' dir='ltr'>peto,</span> <span class='ocrx_word' id='word_1_21' title='bbox 1109 189 1154 227; x_wconf 83' lang='lat' dir='ltr'>ut,</span> 
     </span>
     <span class='ocr_line' id='line_1_4' title="bbox 150 231 1153 271; baseline -0.002 -8"><span class='ocrx_word' id='word_1_22' title='bbox 150 233 175 263; x_wconf 84' lang='lat' dir='ltr'>si</span> <span class='ocrx_word' id='word_1_23' title='bbox 197 232 263 263; x_wconf 85' lang='lat' dir='ltr'>Gai</span> <span class='ocrx_word' id='word_1_24' title='bbox 284 231 455 262; x_wconf 83' lang='lat' dir='ltr'>Caesaris</span> <span class='ocrx_word' id='word_1_25' title='bbox 475 231 556 262; x_wconf 89' lang='lat' dir='ltr'>liber</span> <span class='ocrx_word' id='word_1_26' title='bbox 575 242 649 271; x_wconf 90' lang='lat' dir='ltr'>prae</span> <span class='ocrx_word' id='word_1_27' title='bbox 669 231 814 261; x_wconf 87' lang='lat' dir='ltr'>manibus</span> <span class='ocrx_word' id='word_1_28' title='bbox 834 233 890 270; x_wconf 83' lang='lat' dir='ltr'>est,</span> <span class='ocrx_word' id='word_1_29' title='bbox 914 232 1017 271; x_wconf 82' lang='lat' dir='ltr'>promi</span> <span class='ocrx_word' id='word_1_30' title='bbox 1035 231 1153 270; x_wconf 84' lang='lat' dir='ltr'>iubeas,</span> 
     </span>
     <span class='ocr_line' id='line_1_5' title="bbox 150 275 1152 316; baseline -0.002 -9"><span class='ocrx_word' id='word_1_31' title='bbox 150 279 185 307; x_wconf 89' lang='lat' dir='ltr'>ut</span> <span class='ocrx_word' id='word_1_32' title='bbox 209 287 303 316; x_wconf 88' lang='lat' dir='ltr'>quam</span> <span class='ocrx_word' id='word_1_33' title='bbox 324 275 519 306; x_wconf 89' lang='lat' dir='ltr'>confidenter</span> <span class='ocrx_word' id='word_1_34' title='bbox 537 275 599 306; x_wconf 86' lang='lat' dir='ltr'>hoc</span> <span class='ocrx_word' id='word_1_35' title='bbox 618 275 744 314; x_wconf 82' lang='lat' dir='ltr'>indicat,</span> <span class='ocrx_word' id='word_1_36' title='bbox 767 275 926 306; x_wconf 88' lang='lat' dir='ltr'>aestimari</span> <span class='ocrx_word' id='word_1_37' title='bbox 945 286 963 306; x_wconf 87' lang='lat' dir='ltr'>a</span> <span class='ocrx_word' id='word_1_38' title='bbox 982 278 1013 306; x_wconf 89' lang='lat' dir='ltr'>te</span> <span class='ocrx_word' id='word_1_39' title='bbox 1032 275 1152 315; x_wconf 54' lang='lat' dir='ltr'>possit?</span> 
     </span>
    </p>

    <p class='ocr_par' dir='ltr' id='par_1_3' title="bbox 125 319 1153 360">
     <span class='ocr_line' id='line_1_6' title="bbox 125 319 1153 360; baseline -0.002 -9"><span class='ocrx_word' id='word_1_40' title='bbox 125 329 137 352; x_wconf 78' lang='lat'><strong>7</strong></span> <span class='ocrx_word' id='word_1_41' title='bbox 216 320 305 350; x_wconf 84' lang='lat' dir='ltr'>Tunc</span> <span class='ocrx_word' id='word_1_42' title='bbox 339 320 462 360; x_wconf 86' lang='lat' dir='ltr'>prolato</span> <span class='ocrx_word' id='word_1_43' title='bbox 495 319 594 350; x_wconf 89' lang='lat' dir='ltr'>libro</span> <span class='ocrx_word' id='word_1_44' title='bbox 628 319 670 349; x_wconf 81' lang='lat' dir='ltr'>de</span> <span class='ocrx_word' id='word_1_45' title='bbox 702 320 879 360; x_wconf 82' lang='lat' dir='ltr'>analogia</span> <span class='ocrx_word' id='word_1_46' title='bbox 910 320 1030 359; x_wconf 89' lang='lat' dir='ltr'>primo</span> <span class='ocrx_word' id='word_1_47' title='bbox 1059 319 1153 350; x_wconf 88' lang='lat' dir='ltr'>verba</span> 
     </span>
    </p>

    <p class='ocr_par' dir='ltr' id='par_1_4' title="bbox 123 363 1153 759">
     <span class='ocr_line' id='line_1_7' title="bbox 123 363 1152 404; baseline 0.001 -11"><span class='ocrx_word' id='word_1_48' title='bbox 123 365 227 395; x_wconf 64' lang='lat' dir='ltr'>shaec</span> <span class='ocrx_word' id='word_1_49' title='bbox 264 375 302 395; x_wconf 80' lang='lat' dir='ltr'>ex</span> <span class='ocrx_word' id='word_1_50' title='bbox 340 375 377 394; x_wconf 91' lang='lat' dir='ltr'>eo</span> <span class='ocrx_word' id='word_1_51' title='bbox 415 374 514 404; x_wconf 83' lang='lat' dir='ltr'>pauca</span> <span class='ocrx_word' id='word_1_52' title='bbox 551 363 721 394; x_wconf 86' lang='lat' dir='ltr'>memoriae</span> <span class='ocrx_word' id='word_1_53' title='bbox 756 364 910 394; x_wconf 84' lang='lat' dir='ltr'>mandavi.</span> <span class='ocrx_word' id='word_1_54' title='bbox 964 363 1046 394; x_wconf 87' lang='lat' dir='ltr'>Nam</span> <span class='ocrx_word' id='word_1_55' title='bbox 1081 374 1152 394; x_wconf 82' lang='lat' dir='ltr'>cum</span> 
     </span>
     <span class='ocr_line' id='line_1_8' title="bbox 150 408 1153 449; baseline -0.001 -10"><span class='ocrx_word' id='word_1_56' title='bbox 150 420 245 449; x_wconf 88' lang='lat' dir='ltr'>supra</span> <span class='ocrx_word' id='word_1_57' title='bbox 273 408 403 439; x_wconf 74' lang='lat' dir='ltr'>dixisset</span> <span class='ocrx_word' id='word_1_58' title='bbox 431 419 533 448; x_wconf 83' lang='lat' dir='ltr'>neque</span> <span class='ocrx_word' id='word_1_59' title='bbox 562 408 707 438; x_wconf 78' lang='lat' dir='ltr'>‘caelum&#39;</span> <span class='ocrx_word' id='word_1_60' title='bbox 736 418 837 447; x_wconf 87' lang='lat' dir='ltr'>neque</span> <span class='ocrx_word' id='word_1_61' title='bbox 863 408 1027 438; x_wconf 73' lang='lat' dir='ltr'>‘triticum&#39;</span> <span class='ocrx_word' id='word_1_62' title='bbox 1052 418 1153 447; x_wconf 90' lang='lat' dir='ltr'>neque</span> 
     </span>
     <span class='ocr_line' id='line_1_9' title="bbox 151 452 1152 493; baseline -0.002 -9"><span class='ocrx_word' id='word_1_63' title='bbox 151 453 322 484; x_wconf 80' lang='lat' dir='ltr'>‘harenam&#39;</span> <span class='ocrx_word' id='word_1_64' title='bbox 354 452 566 483; x_wconf 76' lang='lat' dir='ltr'>multitudinis</span> <span class='ocrx_word' id='word_1_65' title='bbox 595 452 859 493; x_wconf 80' lang='lat' dir='ltr'>significationem</span> <span class='ocrx_word' id='word_1_66' title='bbox 889 452 968 492; x_wconf 86' lang='lat' dir='ltr'>pati,</span> <span class='ocrx_word' id='word_1_67' title='bbox 1000 463 1084 482; x_wconf 93' lang='lat' dir='ltr'>num</span> <span class='ocrx_word' id='word_1_68' title='bbox 1113 454 1152 482; x_wconf 88' lang='lat' dir='ltr'>tu</span> 
     </span>
     <span class='ocr_line' id='line_1_10' title="bbox 149 496 1153 537; baseline -0.001 -10"><span class='ocrx_word' id='word_1_69' title='bbox 149 498 254 537; x_wconf 87' lang='lat' dir='ltr'>inquit</span> <span class='ocrx_word' id='word_1_70' title='bbox 281 497 411 527; x_wconf 89' lang='lat' dir='ltr'>harum</span> <span class='ocrx_word' id='word_1_71' title='bbox 435 507 557 527; x_wconf 90' lang='lat' dir='ltr'>rerum</span> <span class='ocrx_word' id='word_1_72' title='bbox 582 498 717 526; x_wconf 85' lang='lat' dir='ltr'>natura</span> <span class='ocrx_word' id='word_1_73' title='bbox 740 496 910 527; x_wconf 85' lang='lat' dir='ltr'>accidere</span> <span class='ocrx_word' id='word_1_74' title='bbox 934 496 1153 535; x_wconf 86' lang='lat' dir='ltr'>arbitraris,</span> 
     </span>
     <span class='ocr_line' id='line_1_11' title="bbox 150 540 1152 581; baseline -0.001 -10"><span class='ocrx_word' id='word_1_75' title='bbox 150 542 247 581; x_wconf 89' lang='lat' dir='ltr'>quod</span> <span class='ocrx_word' id='word_1_76' title='bbox 282 542 401 572; x_wconf 71' lang='lat' dir='ltr'>‘unam</span> <span class='ocrx_word' id='word_1_77' title='bbox 435 541 583 571; x_wconf 75' lang='lat' dir='ltr'>terram&#39;</span> <span class='ocrx_word' id='word_1_78' title='bbox 618 542 654 571; x_wconf 84' lang='lat' dir='ltr'>et</span> <span class='ocrx_word' id='word_1_79' title='bbox 687 541 826 580; x_wconf 79' lang='lat' dir='ltr'>‘plures</span> <span class='ocrx_word' id='word_1_80' title='bbox 857 541 988 571; x_wconf 87' lang='lat' dir='ltr'>terras’</span> <span class='ocrx_word' id='word_1_81' title='bbox 1019 543 1055 571; x_wconf 84' lang='lat' dir='ltr'>et</span> <span class='ocrx_word' id='word_1_82' title='bbox 1083 540 1152 570; x_wconf 79' lang='lat' dir='ltr'>‘ur-</span> 
     </span>
     <span class='ocr_line' id='line_1_12' title="bbox 150 584 1152 625; baseline -0.002 -9"><span class='ocrx_word' id='word_1_83' title='bbox 150 585 242 616; x_wconf 86' lang='lat' dir='ltr'>bem&#39;</span> <span class='ocrx_word' id='word_1_84' title='bbox 275 588 311 616; x_wconf 85' lang='lat' dir='ltr'>et</span> <span class='ocrx_word' id='word_1_85' title='bbox 345 585 477 616; x_wconf 81' lang='lat' dir='ltr'>‘urbes&#39;</span> <span class='ocrx_word' id='word_1_86' title='bbox 509 587 545 616; x_wconf 88' lang='lat' dir='ltr'>et</span> <span class='ocrx_word' id='word_1_87' title='bbox 574 585 795 625; x_wconf 75' lang='lat' dir='ltr'>‘imperium’</span> <span class='ocrx_word' id='word_1_88' title='bbox 825 587 861 615; x_wconf 89' lang='lat' dir='ltr'>et</span> <span class='ocrx_word' id='word_1_89' title='bbox 890 585 1070 624; x_wconf 81' lang='lat' dir='ltr'>‘imperia&#39;</span> <span class='ocrx_word' id='word_1_90' title='bbox 1100 584 1152 614; x_wconf 87' lang='lat' dir='ltr'>di-</span> 
     </span>
     <span class='ocr_line' id='line_1_13' title="bbox 149 629 1153 670; baseline -0.002 -10"><span class='ocrx_word' id='word_1_91' title='bbox 149 640 287 669; x_wconf 83' lang='lat' dir='ltr'>camus,</span> <span class='ocrx_word' id='word_1_92' title='bbox 329 640 448 669; x_wconf 86' lang='lat' dir='ltr'>neque</span> <span class='ocrx_word' id='word_1_93' title='bbox 491 629 717 670; x_wconf 80' lang='lat' dir='ltr'>‘quadrigas&#39;</span> <span class='ocrx_word' id='word_1_94' title='bbox 760 629 798 659; x_wconf 88' lang='lat' dir='ltr'>in</span> <span class='ocrx_word' id='word_1_95' title='bbox 839 640 947 659; x_wconf 87' lang='lat' dir='ltr'>unam</span> <span class='ocrx_word' id='word_1_96' title='bbox 990 629 1153 659; x_wconf 89' lang='lat' dir='ltr'>nominis</span> 
     </span>
     <span class='ocr_line' id='line_1_14' title="bbox 148 672 1153 715; baseline -0.001 -11"><span class='ocrx_word' id='word_1_97' title='bbox 148 675 311 715; x_wconf 83' lang='lat' dir='ltr'>figuram</span> <span class='ocrx_word' id='word_1_98' title='bbox 337 674 510 714; x_wconf 84' lang='lat' dir='ltr'>redigere</span> <span class='ocrx_word' id='word_1_99' title='bbox 531 684 651 713; x_wconf 88' lang='lat' dir='ltr'>neque</span> <span class='ocrx_word' id='word_1_100' title='bbox 671 672 870 704; x_wconf 74' lang='lat' dir='ltr'>‘harenam&#39;</span> <span class='ocrx_word' id='word_1_101' title='bbox 892 673 1153 703; x_wconf 84' lang='lat' dir='ltr'>multitudinis</span> 
     </span>
     <span class='ocr_line' id='line_1_15' title="bbox 148 717 891 759; baseline -0.003 -10"><span class='ocrx_word' id='word_1_102' title='bbox 148 718 412 759; x_wconf 84' lang='lat' dir='ltr'>appellatione</span> <span class='ocrx_word' id='word_1_103' title='bbox 437 720 657 748; x_wconf 84' lang='lat' dir='ltr'>convertere</span> <span class='ocrx_word' id='word_1_104' title='bbox 682 717 891 757; x_wconf 72' lang='lat' dir='ltr'>possimus?</span> 
     </span>
    </p>

    <p class='ocr_par' dir='ltr' id='par_1_5' title="bbox 123 761 1153 891">
     <span class='ocr_line' id='line_1_16' title="bbox 123 761 1152 801; baseline -0.002 -8"><span class='ocrx_word' id='word_1_105' title='bbox 123 773 137 793; x_wconf 65' lang='grc' dir='ltr'>ε)</span> <span class='ocrx_word' id='word_1_106' title='bbox 215 762 274 793; x_wconf 92' lang='lat' dir='ltr'>His</span> <span class='ocrx_word' id='word_1_107' title='bbox 303 763 413 793; x_wconf 85' lang='lat' dir='ltr'>deinde</span> <span class='ocrx_word' id='word_1_108' title='bbox 443 762 546 793; x_wconf 87' lang='lat' dir='ltr'>verbis</span> <span class='ocrx_word' id='word_1_109' title='bbox 574 762 664 792; x_wconf 91' lang='lat' dir='ltr'>lectis</span> <span class='ocrx_word' id='word_1_110' title='bbox 689 762 733 792; x_wconf 91' lang='lat' dir='ltr'>ibi</span> <span class='ocrx_word' id='word_1_111' title='bbox 757 761 897 792; x_wconf 86' lang='lat' dir='ltr'>Fronto</span> <span class='ocrx_word' id='word_1_112' title='bbox 922 761 960 791; x_wconf 84' lang='lat' dir='ltr'>ad</span> <span class='ocrx_word' id='word_1_113' title='bbox 984 761 1073 791; x_wconf 89' lang='lat' dir='ltr'>illum</span> <span class='ocrx_word' id='word_1_114' title='bbox 1100 771 1152 801; x_wconf 90' lang='lat' dir='ltr'>po-</span> 
     </span>
     <span class='ocr_line' id='line_1_17' title="bbox 149 805 1153 846; baseline -0.003 -8"><span class='ocrx_word' id='word_1_115' title='bbox 149 810 245 838; x_wconf 78' lang='lat' dir='ltr'>etam:</span> <span class='ocrx_word' id='word_1_116' title='bbox 270 807 446 837; x_wconf 71' lang='lat' dir='ltr'>‘videturne</span> <span class='ocrx_word' id='word_1_117' title='bbox 470 806 540 837; x_wconf 88' lang='lat' dir='ltr'>tibi&#39;</span> <span class='ocrx_word' id='word_1_118' title='bbox 562 806 665 846; x_wconf 88' lang='lat' dir='ltr'>inquit</span> <span class='ocrx_word' id='word_1_119' title='bbox 685 805 729 836; x_wconf 79' lang='grc' dir='ltr'>Ὃ.</span> <span class='ocrx_word' id='word_1_120' title='bbox 750 805 886 836; x_wconf 83' lang='lat' dir='ltr'>Caesar</span> <span class='ocrx_word' id='word_1_121' title='bbox 905 805 941 835; x_wconf 90' lang='lat' dir='ltr'>de</span> <span class='ocrx_word' id='word_1_122' title='bbox 962 808 1045 836; x_wconf 87' lang='lat' dir='ltr'>statu</span> <span class='ocrx_word' id='word_1_123' title='bbox 1066 805 1153 835; x_wconf 85' lang='lat' dir='ltr'>verbi</span> 
     </span>
     <span class='ocr_line' id='line_1_18' title="bbox 149 848 1153 891; baseline -0.003 -9"><span class='ocrx_word' id='word_1_124' title='bbox 149 854 258 882; x_wconf 82' lang='lat' dir='ltr'>contra</span> <span class='ocrx_word' id='word_1_125' title='bbox 277 854 308 882; x_wconf 86' lang='lat' dir='ltr'>te</span> <span class='ocrx_word' id='word_1_126' title='bbox 328 851 403 882; x_wconf 83' lang='lat' dir='ltr'>satis</span> <span class='ocrx_word' id='word_1_127' title='bbox 423 853 530 891; x_wconf 87' lang='lat' dir='ltr'>aperte</span> <span class='ocrx_word' id='word_1_128' title='bbox 551 851 689 890; x_wconf 87' lang='lat' dir='ltr'>satisque</span> <span class='ocrx_word' id='word_1_129' title='bbox 704 852 884 880; x_wconf 80' lang='lat' dir='ltr'>constanter</span> <span class='ocrx_word' id='word_1_130' title='bbox 899 848 1153 889; x_wconf 81' lang='lat' dir='ltr'>p1·011untiasse‘?’</span> 
     </span>
    </p>

    <p class='ocr_par' dir='ltr' id='par_1_6' title="bbox 106 892 1152 1112">
     <span class='ocr_line' id='line_1_19' title="bbox 106 892 1152 936; baseline -0.003 -10"><span class='ocrx_word' id='word_1_131' title='bbox 106 904 137 926; x_wconf 91' lang='lat'>10</span> <span class='ocrx_word' id='word_1_132' title='bbox 148 895 238 927; x_wconf 81' lang='lat' dir='ltr'>Tunc</span> <span class='ocrx_word' id='word_1_133' title='bbox 266 898 428 936; x_wconf 84' lang='lat' dir='ltr'>permotus</span> <span class='ocrx_word' id='word_1_134' title='bbox 456 895 644 926; x_wconf 84' lang='lat' dir='ltr'>auctoritate</span> <span class='ocrx_word' id='word_1_135' title='bbox 673 895 746 925; x_wconf 88' lang='lat' dir='ltr'>libri</span> <span class='ocrx_word' id='word_1_136' title='bbox 770 896 876 934; x_wconf 87' lang='lat' dir='ltr'>poeta:</span> <span class='ocrx_word' id='word_1_137' title='bbox 907 894 943 924; x_wconf 75' lang='lat' dir='ltr'>‘si</span> <span class='ocrx_word' id='word_1_138' title='bbox 968 905 986 924; x_wconf 90' lang='lat' dir='ltr'>a</span> <span class='ocrx_word' id='word_1_139' title='bbox 1010 892 1152 924; x_wconf 83' lang='lat' dir='ltr'>Caesare’</span> 
     </span>
     <span class='ocr_line' id='line_1_20' title="bbox 149 936 1152 980; baseline -0.002 -10"><span class='ocrx_word' id='word_1_140' title='bbox 149 940 252 980; x_wconf 86' lang='lat' dir='ltr'>inquit</span> <span class='ocrx_word' id='word_1_141' title='bbox 277 941 337 970; x_wconf 78' lang='lat' dir='ltr'>‘ius</span> <span class='ocrx_word' id='word_1_142' title='bbox 362 939 555 980; x_wconf 87' lang='lat' dir='ltr'>provocandi</span> <span class='ocrx_word' id='word_1_143' title='bbox 579 938 669 975; x_wconf 73' lang='lat' dir='ltr'>foret,</span> <span class='ocrx_word' id='word_1_144' title='bbox 693 949 752 979; x_wconf 86' lang='lat' dir='ltr'>ego</span> <span class='ocrx_word' id='word_1_145' title='bbox 776 949 860 969; x_wconf 82' lang='lat' dir='ltr'>nunc</span> <span class='ocrx_word' id='word_1_146' title='bbox 882 938 921 968; x_wconf 86' lang='lat' dir='ltr'>ab</span> <span class='ocrx_word' id='word_1_147' title='bbox 942 938 1002 968; x_wconf 83' lang='lat' dir='ltr'>hoc</span> <span class='ocrx_word' id='word_1_148' title='bbox 1022 936 1152 968; x_wconf 84' lang='lat' dir='ltr'>Caesa-</span> 
     </span>
     <span class='ocr_line' id='line_1_21' title="bbox 148 982 1151 1024; baseline -0.004 -9"><span class='ocrx_word' id='word_1_149' title='bbox 148 985 198 1015; x_wconf 88' lang='lat' dir='ltr'>ris</span> <span class='ocrx_word' id='word_1_150' title='bbox 230 984 312 1015; x_wconf 89' lang='lat' dir='ltr'>libro</span> <span class='ocrx_word' id='word_1_151' title='bbox 347 994 575 1024; x_wconf 83' lang='lat' dir='ltr'>provocassem.</span> <span class='ocrx_word' id='word_1_152' title='bbox 628 982 688 1013; x_wconf 82' lang='lat' dir='ltr'>Sed</span> <span class='ocrx_word' id='word_1_153' title='bbox 722 983 871 1023; x_wconf 89' lang='lat' dir='ltr'>quoniam</span> <span class='ocrx_word' id='word_1_154' title='bbox 903 983 969 1022; x_wconf 87' lang='lat' dir='ltr'>ipse</span> <span class='ocrx_word' id='word_1_155' title='bbox 997 982 1151 1012; x_wconf 85' lang='lat' dir='ltr'>rationem</span> 
     </span>
     <span class='ocr_line' id='line_1_22' title="bbox 148 1027 1152 1067; baseline -0.004 -8"><span class='ocrx_word' id='word_1_156' title='bbox 148 1029 322 1059; x_wconf 86' lang='lat' dir='ltr'>sententiae</span> <span class='ocrx_word' id='word_1_157' title='bbox 351 1039 424 1058; x_wconf 87' lang='lat' dir='ltr'>suae</span> <span class='ocrx_word' id='word_1_158' title='bbox 454 1027 578 1058; x_wconf 80' lang='lat' dir='ltr'>reddere</span> <span class='ocrx_word' id='word_1_159' title='bbox 603 1027 791 1067; x_wconf 84' lang='lat' dir='ltr'>supersedit,</span> <span class='ocrx_word' id='word_1_160' title='bbox 819 1037 877 1057; x_wconf 89' lang='lat' dir='ltr'>nos</span> <span class='ocrx_word' id='word_1_161' title='bbox 901 1029 932 1057; x_wconf 81' lang='lat' dir='ltr'>te</span> <span class='ocrx_word' id='word_1_162' title='bbox 957 1036 1040 1056; x_wconf 88' lang='lat' dir='ltr'>nunc</span> <span class='ocrx_word' id='word_1_163' title='bbox 1063 1036 1152 1066; x_wconf 77' lang='lat' dir='ltr'>roga-</span> 
     </span>
     <span class='ocr_line' id='line_1_23' title="bbox 148 1070 1152 1112; baseline -0.003 -9"><span class='ocrx_word' id='word_1_164' title='bbox 148 1084 231 1111; x_wconf 77' lang='lat' dir='ltr'>mus,</span> <span class='ocrx_word' id='word_1_165' title='bbox 264 1075 299 1103; x_wconf 90' lang='lat' dir='ltr'>ut</span> <span class='ocrx_word' id='word_1_166' title='bbox 332 1073 429 1111; x_wconf 77' lang='lat' dir='ltr'>dicas,</span> <span class='ocrx_word' id='word_1_167' title='bbox 463 1083 557 1112; x_wconf 86' lang='lat' dir='ltr'>quam</span> <span class='ocrx_word' id='word_1_168' title='bbox 592 1082 658 1102; x_wconf 75' lang='lat' dir='ltr'>esse</span> <span class='ocrx_word' id='word_1_169' title='bbox 687 1082 811 1102; x_wconf 87' lang='lat' dir='ltr'>causam</span> <span class='ocrx_word' id='word_1_170' title='bbox 842 1071 910 1101; x_wconf 81' lang='lat' dir='ltr'>vitii</span> <span class='ocrx_word' id='word_1_171' title='bbox 941 1073 1031 1110; x_wconf 89' lang='lat' dir='ltr'>putes</span> <span class='ocrx_word' id='word_1_172' title='bbox 1060 1072 1091 1100; x_wconf 88' lang='lat' dir='ltr'>et</span> <span class='ocrx_word' id='word_1_173' title='bbox 1120 1070 1152 1100; x_wconf 91' lang='lat' dir='ltr'>in</span> 
     </span>
    </p>

    <p class='ocr_par' dir='ltr' id='par_1_7' title="bbox 106 1114 1152 1379">
     <span class='ocr_line' id='line_1_24' title="bbox 106 1114 1152 1158; baseline -0.004 -10"><span class='ocrx_word' id='word_1_174' title='bbox 106 1126 133 1148; x_wconf 86' lang='lat'>11</span> <span class='ocrx_word' id='word_1_175' title='bbox 148 1117 324 1158; x_wconf 74' lang='lat' dir='ltr'>‘quadriga’</span> <span class='ocrx_word' id='word_1_176' title='bbox 355 1117 486 1147; x_wconf 83' lang='lat' dir='ltr'>dicenda</span> <span class='ocrx_word' id='word_1_177' title='bbox 510 1119 541 1147; x_wconf 89' lang='lat' dir='ltr'>et</span> <span class='ocrx_word' id='word_1_178' title='bbox 564 1116 595 1146; x_wconf 88' lang='lat' dir='ltr'>iu</span> <span class='ocrx_word' id='word_1_179' title='bbox 622 1114 792 1146; x_wconf 82' lang='lat' dir='ltr'>‘harenis’.&#39;</span> <span class='ocrx_word' id='word_1_180' title='bbox 838 1114 919 1145; x_wconf 87' lang='lat' dir='ltr'>Tum</span> <span class='ocrx_word' id='word_1_181' title='bbox 944 1114 1084 1144; x_wconf 88' lang='lat' dir='ltr'>Fronto</span> <span class='ocrx_word' id='word_1_182' title='bbox 1108 1114 1152 1144; x_wconf 91' lang='lat' dir='ltr'>ita</span> 
     </span>
     <span class='ocr_line' id='line_1_25' title="bbox 147 1159 1151 1202; baseline -0.004 -10"><span class='ocrx_word' id='word_1_183' title='bbox 147 1162 322 1202; x_wconf 84' lang='lat' dir='ltr'>respondit:</span> <span class='ocrx_word' id='word_1_184' title='bbox 357 1160 574 1202; x_wconf 82' lang='lat' dir='ltr'>“Quadrigae&#39;</span> <span class='ocrx_word' id='word_1_185' title='bbox 609 1171 744 1200; x_wconf 83' lang='lat' dir='ltr'>semper,</span> <span class='ocrx_word' id='word_1_186' title='bbox 777 1159 836 1190; x_wconf 84' lang='lat' dir='ltr'>etsi</span> <span class='ocrx_word' id='word_1_187' title='bbox 869 1159 1055 1199; x_wconf 76' lang='lat' dir='ltr'>multiiugae</span> <span class='ocrx_word' id='word_1_188' title='bbox 1088 1168 1151 1188; x_wconf 91' lang='lat' dir='ltr'>non</span> 
     </span>
     <span class='ocr_line' id='line_1_26' title="bbox 147 1202 1151 1245; baseline -0.004 -9"><span class='ocrx_word' id='word_1_189' title='bbox 147 1208 233 1245; x_wconf 84' lang='lat' dir='ltr'>sunt,</span> <span class='ocrx_word' id='word_1_190' title='bbox 266 1205 480 1236; x_wconf 84' lang='lat' dir='ltr'>multitudinis</span> <span class='ocrx_word' id='word_1_191' title='bbox 513 1207 619 1235; x_wconf 87' lang='lat' dir='ltr'>tamen</span> <span class='ocrx_word' id='word_1_192' title='bbox 650 1214 780 1234; x_wconf 90' lang='lat' dir='ltr'>numero</span> <span class='ocrx_word' id='word_1_193' title='bbox 808 1205 968 1242; x_wconf 86' lang='lat' dir='ltr'>tenentur,</span> <span class='ocrx_word' id='word_1_194' title='bbox 1001 1202 1151 1242; x_wconf 78' lang='lat' dir='ltr'>quoniam</span> 
     </span>
     <span class='ocr_line' id='line_1_27' title="bbox 147 1246 1150 1290; baseline -0.004 -10"><span class='ocrx_word' id='word_1_195' title='bbox 147 1252 298 1290; x_wconf 85' lang='lat' dir='ltr'>quattuor</span> <span class='ocrx_word' id='word_1_196' title='bbox 326 1250 421 1281; x_wconf 86' lang='lat' dir='ltr'>simul</span> <span class='ocrx_word' id='word_1_197' title='bbox 450 1249 522 1289; x_wconf 90' lang='lat' dir='ltr'>equi</span> <span class='ocrx_word' id='word_1_198' title='bbox 551 1249 650 1279; x_wconf 83' lang='lat' dir='ltr'>iuncti</span> <span class='ocrx_word' id='word_1_199' title='bbox 679 1248 872 1289; x_wconf 78' lang='lat' dir='ltr'>‘quadrigae&#39;</span> <span class='ocrx_word' id='word_1_200' title='bbox 903 1247 991 1286; x_wconf 89' lang='lat' dir='ltr'>quasi</span> <span class='ocrx_word' id='word_1_201' title='bbox 1017 1246 1150 1286; x_wconf 77' lang='lat' dir='ltr'>‘quadri-</span> 
     </span>
     <span class='ocr_line' id='line_1_28' title="bbox 147 1291 1150 1335; baseline -0.005 -10"><span class='ocrx_word' id='word_1_202' title='bbox 147 1294 250 1335; x_wconf 86' lang='lat' dir='ltr'>iugae’</span> <span class='ocrx_word' id='word_1_203' title='bbox 275 1296 441 1333; x_wconf 83' lang='lat' dir='ltr'>vocantur,</span> <span class='ocrx_word' id='word_1_204' title='bbox 467 1304 568 1334; x_wconf 88' lang='lat' dir='ltr'>neque</span> <span class='ocrx_word' id='word_1_205' title='bbox 593 1292 685 1323; x_wconf 86' lang='lat' dir='ltr'>debet</span> <span class='ocrx_word' id='word_1_206' title='bbox 709 1302 836 1332; x_wconf 87' lang='lat' dir='ltr'>prorsus</span> <span class='ocrx_word' id='word_1_207' title='bbox 860 1291 1032 1332; x_wconf 86' lang='lat' dir='ltr'>appellatio</span> <span class='ocrx_word' id='word_1_208' title='bbox 1057 1301 1150 1330; x_wconf 87' lang='lat' dir='ltr'>equo—</span> 
     </span>
     <span class='ocr_line' id='line_1_29' title="bbox 148 1335 1149 1379; baseline -0.004 -10"><span class='ocrx_word' id='word_1_209' title='bbox 148 1350 216 1368; x_wconf 88' lang='lat' dir='ltr'>rum</span> <span class='ocrx_word' id='word_1_210' title='bbox 250 1337 388 1379; x_wconf 87' lang='lat' dir='ltr'>plurium</span> <span class='ocrx_word' id='word_1_211' title='bbox 419 1337 538 1368; x_wconf 88' lang='lat' dir='ltr'>includi</span> <span class='ocrx_word' id='word_1_212' title='bbox 566 1337 599 1367; x_wconf 90' lang='lat' dir='ltr'>in</span> <span class='ocrx_word' id='word_1_213' title='bbox 627 1336 796 1377; x_wconf 82' lang='lat' dir='ltr'>singularis</span> <span class='ocrx_word' id='word_1_214' title='bbox 824 1336 947 1366; x_wconf 87' lang='lat' dir='ltr'>numeri</span> <span class='ocrx_word' id='word_1_215' title='bbox 976 1335 1149 1366; x_wconf 85' lang='lat' dir='ltr'>unitatem.&#39;</span> 
     </span>
    </p>

    <p class='ocr_par' dir='ltr' id='par_1_8' title="bbox 105 1378 1151 1508">
     <span class='ocr_line' id='line_1_30' title="bbox 105 1378 1151 1422; baseline -0.005 -9"><span class='ocrx_word' id='word_1_216' title='bbox 105 1391 135 1413; x_wconf 71' lang='lat'>12</span> <span class='ocrx_word' id='word_1_217' title='bbox 147 1382 352 1422; x_wconf 84' lang='lat' dir='ltr'>Eandemque</span> <span class='ocrx_word' id='word_1_218' title='bbox 385 1382 540 1412; x_wconf 85' lang='lat' dir='ltr'>rationem</span> <span class='ocrx_word' id='word_1_219' title='bbox 574 1380 775 1421; x_wconf 75' lang='lat' dir='ltr'>&lt;‘ha1·enae’&gt;</span> <span class='ocrx_word' id='word_1_220' title='bbox 807 1379 997 1418; x_wconf 79' lang='lat' dir='ltr'>habendam,</span> <span class='ocrx_word' id='word_1_221' title='bbox 1032 1378 1085 1409; x_wconf 87' lang='lat' dir='ltr'>sed</span> <span class='ocrx_word' id='word_1_222' title='bbox 1118 1379 1151 1409; x_wconf 89' lang='lat' dir='ltr'>in</span> 
     </span>
     <span class='ocr_line' id='line_1_31' title="bbox 147 1424 1149 1467; baseline -0.004 -10"><span class='ocrx_word' id='word_1_223' title='bbox 147 1427 250 1467; x_wconf 87' lang='lat' dir='ltr'>specie</span> <span class='ocrx_word' id='word_1_224' title='bbox 275 1427 405 1466; x_wconf 78' lang='lat' dir='ltr'>dispari3</span> <span class='ocrx_word' id='word_1_225' title='bbox 430 1437 502 1456; x_wconf 90' lang='lat' dir='ltr'>nam</span> <span class='ocrx_word' id='word_1_226' title='bbox 527 1436 598 1457; x_wconf 88' lang='lat' dir='ltr'>cum</span> <span class='ocrx_word' id='word_1_227' title='bbox 624 1424 763 1456; x_wconf 82' lang='lat' dir='ltr'>‘harena&#39;</span> <span class='ocrx_word' id='word_1_228' title='bbox 788 1424 941 1465; x_wconf 80' lang='lat' dir='ltr'>singulari</span> <span class='ocrx_word' id='word_1_229' title='bbox 965 1424 997 1454; x_wconf 89' lang='lat' dir='ltr'>in</span> <span class='ocrx_word' id='word_1_230' title='bbox 1019 1433 1149 1454; x_wconf 84' lang='lat' dir='ltr'>numero</span> 
     </span>
     <span class='ocr_line' id='line_1_32' title="bbox 147 1467 1150 1508; baseline -0.004 -7"><span class='ocrx_word' id='word_1_231' title='bbox 147 1471 230 1501; x_wconf 89' lang='lat' dir='ltr'>dicta</span> <span class='ocrx_word' id='word_1_232' title='bbox 264 1470 500 1501; x_wconf 86' lang='lat' dir='ltr'>multitudinem</span> <span class='ocrx_word' id='word_1_233' title='bbox 529 1472 635 1500; x_wconf 88' lang='lat' dir='ltr'>tamen</span> <span class='ocrx_word' id='word_1_234' title='bbox 663 1472 694 1499; x_wconf 91' lang='lat' dir='ltr'>et</span> <span class='ocrx_word' id='word_1_235' title='bbox 723 1469 845 1508; x_wconf 82' lang='lat' dir='ltr'>copiam</span> <span class='ocrx_word' id='word_1_236' title='bbox 875 1468 1032 1508; x_wconf 80' lang='lat' dir='ltr'>significet</span> <span class='ocrx_word' id='word_1_237' title='bbox 1060 1467 1150 1497; x_wconf 92' lang='lat' dir='ltr'>mini-</span> 
     </span>
    </p>
   </div>
   <div class='ocr_carea' id='block_1_3' title="bbox 147 1563 1151 1670">
    <p class='ocr_par' dir='ltr' id='par_1_9' title="bbox 147 1563 1151 1670">
     <span class='ocr_line' id='line_1_33' title="bbox 219 1563 1148 1599; baseline -0.006 -7"><span class='ocrx_word' id='word_1_238' title='bbox 219 1570 230 1591; x_wconf 90' lang='lat'>1</span> <span class='ocrx_word' id='word_1_239' title='bbox 252 1566 326 1592; x_wconf 85' lang='lat' dir='ltr'>enim</span> <span class='ocrx_word' id='word_1_240' title='bbox 341 1574 390 1592; x_wconf 82' lang='lat' dir='ltr'>om.</span> <span class='ocrx_word' id='word_1_241' title='bbox 407 1567 479 1598; x_wconf 60' lang='grc'>0414</span> <span class='ocrx_word' id='word_1_242' title='bbox 500 1565 576 1591; x_wconf 83' lang='lat' dir='ltr'>dieat</span> <span class='ocrx_word' id='word_1_243' title='bbox 594 1574 612 1599; x_wconf 84' lang='grc' dir='ltr'>γ</span> <span class='ocrx_word' id='word_1_244' title='bbox 636 1564 741 1590; x_wconf 84' lang='lat' dir='ltr'>iudicet</span> <span class='ocrx_word' id='word_1_245' title='bbox 760 1564 884 1590; x_wconf 69' lang='lat' dir='ltr'>Eussner</span> <span class='ocrx_word' id='word_1_246' title='bbox 905 1563 997 1589; x_wconf 82' lang='lat' dir='ltr'>edicat</span> <span class='ocrx_word' id='word_1_247' title='bbox 1013 1563 1126 1589; x_wconf 69' lang='lat' dir='ltr'>Salmas.</span> <span class='ocrx_word' id='word_1_248' title='bbox 1145 1563 1148 1596; x_wconf 71' lang='lat'>1</span> 
     </span>
     <span class='ocr_line' id='line_1_34' title="bbox 147 1598 1150 1635; baseline -0.005 -8"><span class='ocrx_word' id='word_1_249' title='bbox 147 1604 211 1628; x_wconf 82' lang='lat' dir='ltr'>ante</span> <span class='ocrx_word' id='word_1_250' title='bbox 232 1602 349 1635; x_wconf 71' lang='lat' dir='ltr'>Heiberg]</span> <span class='ocrx_word' id='word_1_251' title='bbox 367 1602 375 1634; x_wconf 79' lang='grc' dir='ltr'>ΙΙ</span> <span class='ocrx_word' id='word_1_252' title='bbox 395 1604 408 1626; x_wconf 81' lang='lat'><strong>7</strong></span> <span class='ocrx_word' id='word_1_253' title='bbox 434 1609 523 1633; x_wconf 89' lang='lat' dir='ltr'>neque</span> <span class='ocrx_word' id='word_1_254' title='bbox 542 1601 587 1634; x_wconf 87' lang='lat' dir='ltr'>tr.]</span> <span class='ocrx_word' id='word_1_255' title='bbox 609 1602 629 1628; x_wconf 82' lang='grc' dir='ltr'>Ο,</span> <span class='ocrx_word' id='word_1_256' title='bbox 652 1600 811 1625; x_wconf 86' lang='lat' dir='ltr'>triticumue</span> <span class='ocrx_word' id='word_1_257' title='bbox 831 1600 919 1624; x_wconf 75' lang='lat' dir='ltr'>noll</span> <span class='ocrx_word' id='word_1_258' title='bbox 939 1598 1062 1624; x_wconf 83' lang='lat' dir='ltr'>triticum</span> <span class='ocrx_word' id='word_1_259' title='bbox 1082 1600 1127 1623; x_wconf 84' lang='lat' dir='ltr'>XZ</span> <span class='ocrx_word' id='word_1_260' title='bbox 1142 1598 1150 1631; x_wconf 81' lang='grc' dir='ltr'>ΙΙ</span> 
     </span>
     <span class='ocr_line' id='line_1_35' title="bbox 148 1633 1151 1670; baseline -0.006 -7"><span class='ocrx_word' id='word_1_261' title='bbox 148 1640 179 1663; x_wconf 93' lang='grc'>10</span> <span class='ocrx_word' id='word_1_262' title='bbox 200 1636 329 1670; x_wconf 84' lang='lat' dir='ltr'>adplures</span> <span class='ocrx_word' id='word_1_263' title='bbox 344 1637 366 1662; x_wconf 75' lang='grc' dir='ltr'><em>δ</em></span> <span class='ocrx_word' id='word_1_264' title='bbox 381 1637 452 1662; x_wconf 50' lang='lat' dir='ltr'>&#39;wude</span> <span class='ocrx_word' id='word_1_265' title='bbox 467 1644 499 1661; x_wconf 85' lang='lat' dir='ltr'>ac</span> <span class='ocrx_word' id='word_1_266' title='bbox 513 1635 550 1669; x_wconf 89' lang='lat' dir='ltr'>pl.</span> <span class='ocrx_word' id='word_1_267' title='bbox 567 1636 651 1661; x_wconf 67' lang='lat' dir='ltr'>Hertz</span> <span class='ocrx_word' id='word_1_268' title='bbox 666 1637 674 1668; x_wconf 82' lang='grc' dir='ltr'>ΙΙ</span> <span class='ocrx_word' id='word_1_269' title='bbox 691 1638 721 1660; x_wconf 84' lang='grc'>13</span> <span class='ocrx_word' id='word_1_270' title='bbox 742 1635 769 1660; x_wconf 87' lang='grc'>111</span> <span class='ocrx_word' id='word_1_271' title='bbox 785 1634 862 1659; x_wconf 88' lang='lat' dir='ltr'>mult.</span> <span class='ocrx_word' id='word_1_272' title='bbox 879 1633 1094 1667; x_wconf 85' lang='lat' dir='ltr'>appellationem</span> <span class='ocrx_word' id='word_1_273' title='bbox 1110 1642 1128 1666; x_wconf 80' lang='grc' dir='ltr'>γ</span> <span class='ocrx_word' id='word_1_274' title='bbox 1142 1633 1151 1667; x_wconf 84' lang='grc' dir='ltr'>ΙΙ</span> 
     </span>
    </p>
   </div>
   <div class='ocr_carea' id='block_1_4' title="bbox 1169 553 1193 572">
    <p class='ocr_par' dir='ltr' id='par_1_10' title="bbox 1169 553 1193 572">
     <span class='ocr_line' id='line_1_36' title="bbox 1169 553 1193 572; baseline -0.042 0"><span class='ocrx_word' id='word_1_275' title='bbox 1169 553 1193 572; x_wconf 87' lang='grc'>10</span> 
     </span>
    </p>
   </div>
   <div class='ocr_carea' id='block_1_5' title="bbox 1168 773 1193 792">
    <p class='ocr_par' dir='ltr' id='par_1_11' title="bbox 1168 773 1193 792">
     <span class='ocr_line' id='line_1_37' title="bbox 1168 773 1193 792; baseline 0 0"><span class='ocrx_word' id='word_1_276' title='bbox 1168 773 1193 792; x_wconf 83' lang='lat'>15</span> 
     </span>
    </p>
   </div>
   <div class='ocr_carea' id='block_1_6' title="bbox 1168 994 1193 1013">
    <p class='ocr_par' dir='ltr' id='par_1_12' title="bbox 1168 994 1193 1013">
     <span class='ocr_line' id='line_1_38' title="bbox 1168 994 1193 1013; baseline -0.04 0"><span class='ocrx_word' id='word_1_277' title='bbox 1168 994 1193 1013; x_wconf 71' lang='grc' dir='ltr'>ΞΟ</span> 
     </span>
    </p>
   </div>
   <div class='ocr_carea' id='block_1_7' title="bbox 1167 1214 1191 1234">
    <p class='ocr_par' dir='ltr' id='par_1_13' title="bbox 1167 1214 1191 1234">
     <span class='ocr_line' id='line_1_39' title="bbox 1167 1214 1191 1234; baseline 0.042 -1"><span class='ocrx_word' id='word_1_278' title='bbox 1167 1214 1191 1234; x_wconf 73' lang='lat'>25</span> 
     </span>
    </p>
   </div>
   <div class='ocr_carea' id='block_1_8' title="bbox 1232 0 1266 1314">
    <p class='ocr_par' dir='ltr' id='par_1_14' title="bbox 1232 0 1266 1314">
     <span class='ocr_line' id='line_1_40' title="bbox 1232 0 1266 1314; baseline 0 0"><span class='ocrx_word' id='word_1_279' title='bbox 1232 0 1266 1314; x_wconf 95' lang='lat' dir='ltr'> </span> 
     </span>
    </p>
   </div>
   <div class='ocr_carea' id='block_1_9' title="bbox 1165 1435 1191 1454">
    <p class='ocr_par' dir='ltr' id='par_1_15' title="bbox 1165 1435 1191 1454">
     <span class='ocr_line' id='line_1_41' title="bbox 1165 1435 1191 1454; baseline -0.038 0"><span class='ocrx_word' id='word_1_280' title='bbox 1165 1435 1191 1454; x_wconf 74' lang='lat'>30</span> 
     </span>
    </p>
   </div>
   <div class='ocr_carea' id='block_1_10' title="bbox 1240 983 1246 1664">
    <p class='ocr_par' dir='ltr' id='par_1_16' title="bbox 1240 983 1246 1664">
     <span class='ocr_line' id='line_1_42' title="bbox 1240 983 1246 1664; baseline 0 0"><span class='ocrx_word' id='word_1_281' title='bbox 1240 983 1246 1664; x_wconf 95' lang='lat' dir='ltr'> </span> 
     </span>
    </p>
   </div>
   <div class='ocr_carea' id='block_1_11' title="bbox 148 1669 1170 1706">
    <p class='ocr_par' dir='ltr' id='par_1_17' title="bbox 148 1669 1170 1706">
     <span class='ocr_line' id='line_1_43' title="bbox 148 1669 1170 1706; baseline -0.005 -8"><span class='ocrx_word' id='word_1_282' title='bbox 148 1676 179 1698; x_wconf 86' lang='grc'>14</span> <span class='ocrx_word' id='word_1_283' title='bbox 194 1680 339 1706; x_wconf 85' lang='lat' dir='ltr'>possumus</span> <span class='ocrx_word' id='word_1_284' title='bbox 350 1673 372 1698; x_wconf 76' lang='grc' dir='ltr'>δ’</span> <span class='ocrx_word' id='word_1_285' title='bbox 386 1674 394 1704; x_wconf 79' lang='grc' dir='ltr'>ΙΙ</span> <span class='ocrx_word' id='word_1_286' title='bbox 411 1675 442 1697; x_wconf 80' lang='grc'>15</span> <span class='ocrx_word' id='word_1_287' title='bbox 458 1671 497 1696; x_wconf 87' lang='lat' dir='ltr'>ibi</span> <span class='ocrx_word' id='word_1_288' title='bbox 508 1672 622 1697; x_wconf 78' lang='lat' dir='ltr'>Salmas.</span> <span class='ocrx_word' id='word_1_289' title='bbox 638 1670 691 1696; x_wconf 85' lang='lat' dir='ltr'>sibi</span> <span class='ocrx_word' id='word_1_290' title='bbox 704 1681 723 1695; x_wconf 89' lang='grc' dir='ltr'>ω</span> <span class='ocrx_word' id='word_1_291' title='bbox 738 1672 747 1703; x_wconf 59' lang='grc'>11</span> <span class='ocrx_word' id='word_1_292' title='bbox 762 1673 792 1695; x_wconf 84' lang='grc'>21</span> <span class='ocrx_word' id='word_1_293' title='bbox 807 1671 888 1695; x_wconf 79' lang='lat' dir='ltr'>nocte</span> <span class='ocrx_word' id='word_1_294' title='bbox 899 1669 1100 1701; x_wconf 78' lang='lat' dir='ltr'>interrogamus</span> <span class='ocrx_word' id='word_1_295' title='bbox 1110 1670 1127 1692; x_wconf 91' lang='lat' dir='ltr'>Z</span> <span class='ocrx_word' id='word_1_296' title='bbox 1142 1670 1150 1702; x_wconf 80' lang='grc' dir='ltr'>Η</span> <span class='ocrx_word' id='word_1_297' title='bbox 1167 1693 1170 1697; x_wconf 70' lang='lat'><em>,</em></span> 
     </span>
    </p>
   </div>
   <div class='ocr_carea' id='block_1_12' title="bbox 147 1704 1150 1777">
    <p class='ocr_par' dir='ltr' id='par_1_18' title="bbox 147 1704 1150 1777">
     <span class='ocr_line' id='line_1_44' title="bbox 147 1704 1150 1739; baseline -0.005 -6"><span class='ocrx_word' id='word_1_298' title='bbox 147 1711 179 1733; x_wconf 73' lang='lat'>23</span> <span class='ocrx_word' id='word_1_299' title='bbox 199 1708 309 1734; x_wconf 89' lang='lat' dir='ltr'>harenis</span> <span class='ocrx_word' id='word_1_300' title='bbox 331 1708 427 1733; x_wconf 68' lang='lat' dir='ltr'>Carrio</span> <span class='ocrx_word' id='word_1_301' title='bbox 451 1706 554 1733; x_wconf 78' lang='lat' dir='ltr'>harena</span> <span class='ocrx_word' id='word_1_302' title='bbox 573 1716 593 1731; x_wconf 81' lang='grc' dir='ltr'><em>ω</em></span> <span class='ocrx_word' id='word_1_303' title='bbox 613 1707 621 1739; x_wconf 82' lang='grc' dir='ltr'>Η</span> <span class='ocrx_word' id='word_1_304' title='bbox 641 1708 673 1731; x_wconf 72' lang='lat'>29</span> <span class='ocrx_word' id='word_1_305' title='bbox 692 1706 780 1739; x_wconf 76' lang='lat' dir='ltr'>suppl.</span> <span class='ocrx_word' id='word_1_306' title='bbox 799 1705 883 1731; x_wconf 73' lang='lat' dir='ltr'>Hertz</span> <span class='ocrx_word' id='word_1_307' title='bbox 903 1706 938 1738; x_wconf 85' lang='grc' dir='ltr'>(σ)</span> <span class='ocrx_word' id='word_1_308' title='bbox 962 1704 1047 1730; x_wconf 74' lang='lat' dir='ltr'>habet</span> <span class='ocrx_word' id='word_1_309' title='bbox 1067 1711 1150 1729; x_wconf 82' lang='lat' dir='ltr'>arena</span> 
     </span>
     <span class='ocr_line' id='line_1_45' title="bbox 149 1743 497 1777; baseline -0.006 -8"><span class='ocrx_word' id='word_1_310' title='bbox 149 1744 224 1777; x_wconf 74' lang='lat' dir='ltr'>Mdy.</span> <span class='ocrx_word' id='word_1_311' title='bbox 240 1745 249 1776; x_wconf 77' lang='grc' dir='ltr'>ΙΙ</span> <span class='ocrx_word' id='word_1_312' title='bbox 264 1746 297 1768; x_wconf 85' lang='grc'>30</span> <span class='ocrx_word' id='word_1_313' title='bbox 316 1743 356 1777; x_wconf 86' lang='lat' dir='ltr'>in]</span> <span class='ocrx_word' id='word_1_314' title='bbox 373 1745 393 1771; x_wconf 83' lang='grc'>0,</span> <span class='ocrx_word' id='word_1_315' title='bbox 412 1752 459 1768; x_wconf 77' lang='lat' dir='ltr'>om.</span> <span class='ocrx_word' id='word_1_316' title='bbox 478 1752 497 1767; x_wconf 91' lang='grc' dir='ltr'><em>ω</em></span> 
     </span>
    </p>
   </div>
  </div>
 </body>
</html>
