1291 1912
580 39 630 65 ΧΠ
651 42 666 66 5
1088 38 1129 70 39

119 123 262 154 sensibus
289 121 407 153 doloris
431 121 669 162 voluptatisque
694 124 767 152 ante
792 121 917 152 consilii
942 123 973 152 et
998 121 1129 151 rationis

119 169 263 199 exortunr
292 177 399 198 recens
429 168 521 197 natus
550 165 646 196 homo
676 166 806 197 inbutus
836 168 883 197 est
911 167 942 197 et
971 165 1129 206 voluptati

119 212 245 253 quidem
275 223 291 242 a
322 213 433 242 natura
463 211 663 250 conciliatus,
691 222 709 241 a
734 210 842 241 dolore
866 212 973 241 autem
998 209 1088 250 quasi
1113 220 1131 240 a

119 256 207 298 gravi
237 256 375 296 quodam
406 255 534 286 inimico
559 255 727 286 abiunctus
752 255 972 295 alienatusque
997 256 1058 293 est,
1086 254 1130 284 id-

92 316 103 335 5
119 301 202 332 circo
222 301 417 331 adfectiones
438 300 513 330 istas
534 300 681 340 primitus
702 299 892 340 penitusque
912 299 1028 330 inditas
1048 298 1130 329 ratio

119 348 192 386 post
220 345 325 376 addita
355 344 532 375 convellere
559 344 598 375 ab
624 345 722 384 stirpe
746 346 842 384 atque
867 344 1052 385 extinguere
1077 343 1131 373 vix

118 392 231 430 potest.
280 389 405 430 Pugnat
433 391 539 419 autem
570 399 641 419 cum
670 388 719 419 his
749 399 873 429 semper
902 390 932 419 et
959 388 1131 419 exultantis

118 445 169 465 eas
199 434 353 475 opprimit
382 433 562 473 obteritque
587 435 618 464 et
642 444 751 474 parere
776 432 836 463 sibi
862 435 957 473 atque
983 432 1131 463 oboedire

118 478 212 520 cogit.
255 477 367 518 Itaque
392 477 515 508 vidistis
540 477 769 518 philosophum
795 477 918 508 ratione
943 477 1060 507 decreti
1083 476 1131 507 sui

78 538 102 557 ιο
118 523 229 554 nixum
269 533 340 553 cum
379 522 555 563 petulantia
594 522 696 552 morbi
735 522 917 561 dolorisque
955 521 1132 552 exulta-ntia

118 568 364 603 conluctantem,
388 566 468 597 nihil
493 566 666 606 cedentem,
689 566 771 597 nihil
791 568 995 597 confitentem
1020 576 1132 606 neque,

117 614 153 643 ut
182 612 325 652 plerique
355 611 497 642 dolentes
528 612 644 650 solent,
673 610 868 642 heiulantem
894 612 989 651 atque
1013 611 1132 641 lamen-

117 658 238 687 tantem
263 667 298 687 ac
324 657 474 687 miserum
500 666 566 686 sese
591 658 622 687 et
645 655 806 686 infelicem
828 656 1053 696 appellantem,
1078 654 1132 685 sed

117 711 203 732 acres
232 703 357 732 tantum
386 700 545 731 anhelitus
575 702 606 731 et
634 700 782 731 robustos
812 700 948 741 gemitus
978 699 1132 739 edentem,

77 761 101 779 15
117 745 207 787 signa
241 747 337 786 atque
367 745 483 776 indicia
511 755 577 775 non
605 744 682 775 victi
709 754 767 775 nec
796 744 939 784 obpressi
968 756 985 774 a
1015 744 1133 783 dolore,

117 790 171 821 sed
196 790 321 821 vincere
345 801 417 820 euni
442 791 538 829 atque
564 789 743 830 obprimere
768 789 925 820 enitentis.

184 833 245 865 Sed
266 834 343 865 haut
363 834 449 870 scio,³
471 833 576 874 inquit
597 834 648 864 ‘an
668 833 752 864 dicat
772 833 897 874 aliquis,
916 834 1022 874 ipsum
1042 832 1130 872 illud,

117 879 202 919 quod
232 881 367 920 pugnat,
401 879 486 919 quod
515 878 628 919 gemit,
657 878 683 908 si
713 878 832 909 malum
862 878 954 908 dolor
981 888 1046 908 non
1075 879 1131 917 est,

117 933 173 954 cur
192 933 319 954 necesse
339 925 387 954 est
406 934 531 964 gemere
552 925 582 954 et
602 923 766 964 pugnare?
809 921 890 959 Quia
910 922 995 953 enim
1016 921 1132 961 omnia,

76 982 101 1001 20
117 978 197 1008 quae
216 978 281 999 non
301 970 376 999 sunt
395 967 487 1007 mala,
510 968 656 998 molestia
676 978 803 1008 quoque
824 967 911 997 omni
930 977 995 997 non
1016 968 1131 1006 carent,

117 1012 170 1043 sed
207 1014 280 1043 sunt
313 1012 464 1053 pleraque
498 1023 581 1043 noxa
615 1012 743 1052 quidem
778 1022 894 1053 magna
927 1013 959 1042 et
992 1011 1131 1052 pernicie

116 1057 253 1097 privata,
283 1057 356 1097 quia
385 1067 450 1087 11011
479 1059 553 1087 sunt
581 1057 701 1096 turpia,
729 1058 839 1086 contra
868 1058 1000 1086 naturae
1024 1057 1132 1086 tamen

117 1101 392 1132 mansuetudinem
421 1101 652 1140 lenitatemque
681 1100 829 1141 opposita
859 1103 932 1131 sunt
961 1102 992 1131 et
1016 1100 1131 1130 infesta

117 1156 173 1186 per
201 1145 369 1176 obscuram
400 1146 559 1186 quandam
586 1148 617 1176 et
640 1145 850 1176 necessariam
876 1145 976 1185 ipsius
1001 1146 1132 1175 naturae

76 1204 102 1223 25
118 1190 386 1230 consequentiam.
443 1190 531 1221 Haec
569 1200 644 1231 ergo
683 1190 731 1220 vir
769 1190 894 1230 sapiens
933 1189 1068 1220 tolerare
1101 1191 1132 1219 et

118 1235 282 1266 exanclare
307 1237 422 1275 potest,
447 1245 512 1265 non
536 1234 702 1265 admittere
727 1235 857 1264 omnino
882 1234 916 1264 in
936 1244 1063 1264 sensum
1084 1233 1133 1264 sui

118 1289 183 1309 non
211 1281 329 1320 potest3
359 1279 540 1319 ἀναλγησιά
570 1279 653 1310 enim
683 1280 778 1318 atque
804 1278 948 1309 ἀπάθεια
972 1288 1037 1308 11011
1061 1288 1131 1308 meo

118 1324 263 1363 tantum,’
294 1324 399 1364 inquit
429 1324 495 1355 ‘sed
520 1323 719 1363 quorundam
745 1323 841 1354 etiam
866 1334 903 1353 ex
929 1323 1036 1353 eadem
1062 1333 1132 1362 por-

118 1367 184 1398 ticu
208 1368 450 1408 prudentiorum
474 1368 655 1407 hominum,
684 1367 778 1398 sicuti
803 1367 920 1398 iudicio
946 1366 1134 1405 Panaetii,

74 1425 101 1443 :30
122 1412 227 1453 gravis
256 1415 352 1453 atque
381 1413 466 1444 docti
493 1413 566 1452 viri,
590 1412 643 1452 (fr.
664 1414 703 1443 14
724 1412 776 1446 F.)
808 1411 977 1452 inprobata
1001 1411 1137 1442 abiecta-

127 1467 188 1497 que
212 1458 268 1488 est.

192 1556 206 1578 3
228 1554 377 1586 aprimum
395 1562 443 1579 om.
460 1562 479 1586 y
493 1555 502 1586 ss
516 1556 532 1578 4
550 1553 670 1587 quodam
686 1561 735 1579 om*
753 1553 787 1578 Π
804 1552 878 1585 quod
893 1554 935 1577 ΒΖ
956 1560 1009 1585 quo
1026 1553 1046 1580 Q
1063 1552 1065 1585 Ι
1083 1551 1136 1577 1111-

119 1588 191 1614 mico
212 1597 261 1615 om.
283 1589 305 1614 d
325 1591 333 1621 ΙΙ
353 1591 367 1613 6
392 1589 466 1622 post]
487 1589 542 1622 ipsi
561 1590 584 1615 d
606 1589 662 1622 ipsi
681 1590 745 1622 post
765 1589 849 1614 Hert:
866 1591 869 1619 l
886 1588 929 1613 1115
949 1597 967 1621 γ
986 1589 993 1620 Η
1015 1590 1027 1612 7
1048 1587 1071 1613 is
1090 1589 1114 1612 X
1128 1587 1137 1621 ΙΙ

121 1626 135 1649 9
156 1624 275 1650 decretis
296 1624 338 1650 uti
358 1625 436 1657 0111!
454 1627 483 1649 11
505 1624 634 1650 edentem
654 1626 674 1652 Q
688 1626 696 1657 ΙΙ
714 1627 744 1649 14
766 1632 845 1657 agres
865 1626 907 1648 ΒΖ
931 1631 1010 1657 egros
1031 1625 1051 1651 Q
1068 1624 1071 1656 Ι
1089 1631 1136 1648 311-

121 1659 211 1685 helitu
227 1661 248 1685 d
264 1661 271 1692 Η
288 1662 320 1685 18
342 1660 439 1693 gemit,
459 1660 626 1694 <ostendere
647 1659 770 1686 dolorem
790 1659 894 1685 malum
912 1659 1001 1693 esse),
1023 1659 1046 1684 si
1061 1659 1135 1684 Neu-

120 1695 207 1721 bazter
221 1697 229 1729 Η
245 1698 277 1720 23
298 1695 527 1721 consuetudinem
541 1696 577 1720 Nl
591 1697 599 1728 ΙΙ
615 1697 647 1721 -26
668 1695 813 1721 exanclare
833 1695 930 1728 scripsi
950 1694 1096 1728 cnutonem
1116 1704 1136 1719 ω

121 1730 239 1757 eluctari
260 1731 336 1765 May.
353 1733 360 1764 ΙΙ
376 1733 407 1756 31
429 1739 482 1764 que
502 1740 551 1757 οηι,
569 1733 589 1759 0,
