1266 1902
186 62 247 93 186
628 63 690 88 XVI
711 65 741 88 19

138 198 169 221 10
180 187 308 219 Arione.
358 188 439 218 Tum
473 188 563 218 illum
592 188 637 218 ibi
665 188 803 228 pernicie
832 188 992 218 intellecta
1020 188 1186 228 pecuniam

181 235 345 273 ceteraque
374 243 443 271 sua,
472 234 507 262 ut
530 231 695 271 haberent,
724 232 858 271 dedisse,
886 232 982 262 vitam
1007 232 1101 262 modo
1126 232 1186 262 sibi

139 287 167 309 11
180 279 216 307 ut
249 278 426 317 parcerent,
460 276 605 307 oravisse.
655 275 787 307 Navitas
821 287 950 316 precum
979 277 1045 307 eius
1073 275 1186 306 harum

181 321 429 351 commiseritum
455 331 521 351 esse
545 321 720 360 illactenus,
744 322 779 351 ut
803 320 831 351 ei
854 331 963 351 necem
987 321 1108 351 adferre
1130 331 1187 361 per
1214 339 1226 351 1
1262 337 1266 356 ς

181 365 244 395 vim
278 365 342 395 suis
375 365 520 395 manibus
553 366 777 405 temperarent,
815 365 868 395 sed
902 365 1119 405 imperavisse,
1151 366 1186 394 ut

137 410 242 442 1‘2iam
267 409 374 440 statim
400 419 505 440 coram
530 409 669 440 desiliret
694 419 842 449 praeceps
866 409 900 439 in
919 420 1012 440 mare.
1056 408 1184 439 ‘Homo’

180 454 284 494 inquit
318 453 373 484 ‘ibi
406 453 534 484 territus
567 464 623 493 spe
652 453 738 484 omni
766 453 848 483 vitae
878 453 1000 493 perdita
1028 453 1059 483 id
1088 464 1185 483 unum

180 500 290 538 postea
323 498 438 536 oravit,
470 500 519 537 ut,
552 498 735 537 priusquam
767 499 901 527 mortem
931 497 1108 537 obpeteret,
1141 497 1186 527 in-

180 542 274 572 duere
303 542 522 582 permitterent
551 553 606 572 sua
631 541 691 572 sibi
715 542 820 572 omnia
845 541 1030 572 indumenta
1054 544 1085 572 et
1108 541 1185 571 fides
1202 554 1226 573 ιο

180 597 290 626 capere
319 588 350 616 et
379 596 489 616 canere
518 596 644 616 carmen
672 596 761 616 casus
791 586 876 616 illius
905 586 954 616 sui
983 585 1184 616 consolabile.

136 641 167 663 13
180 629 276 661 Feros
310 632 341 661 et
371 630 514 660 inmanes
543 631 665 661 navitas
694 630 876 670 prolubium
905 632 1012 660 tamen
1039 629 1186 660 audiendi

136 685 168 707 14
180 675 278 714 subit3
312 675 397 714 quod
431 676 588 714 oraverat,
620 675 776 714 impetrat.
827 673 933 714 Atque
966 674 1011 704 ibi
1044 685 1118 705 mox
1149 674 1186 704 de

180 729 266 749 more
298 719 433 758 cinctus,
465 719 613 759 amictus,
648 720 776 749 ornatus
805 721 955 758 stansque
984 718 1016 748 in
1045 729 1186 749 summae

179 763 295 803 puppis
319 763 388 794 foro
414 774 548 802 carmen,
573 763 657 803 quod
682 762 844 793 ‘orthium'
870 763 994 802 dicitur,
1017 773 1094 793 voce
1114 762 1185 793 sub-
1202 775 1225 794 15

136 818 167 840 15
179 807 333 837 latissima
365 808 512 838 cantavit.
563 806 613 837 Ad
642 809 801 847 postrema
830 809 940 837 cantus
969 818 1040 837 cum
1069 806 1185 837 fidibus

180 853 355 892 ornatuque
390 852 489 891 omni,
523 852 604 882 sicut
637 851 741 882 stabat
773 851 982 891 canebatque,
1015 851 1088 881 iecit
1119 861 1185 881 sese

179 896 291 935 procul
328 896 361 926 in
398 896 599 936 profundum.
655 895 789 926 Navitae
826 895 1064 935 hautquaquam
1098 895 1185 925 dubi-

178 942 296 979 tantes,
325 939 401 980 quin
426 941 571 980 perisset,
600 950 739 979 cursum,
763 950 857 979 quem
881 940 983 970 facere
1008 941 1186 979 coeperant,

136 995 167 1017 16
178 986 356 1014 tenuerunt.
414 983 474 1014 Sed
511 995 629 1015 novum
666 986 696 1015 et
728 984 844 1014 mirum
878 986 909 1014 et
942 983 1029 1023 pium
1062 983 1185 1014 facinus
1201 996 1225 1014 -20

179 1029 334 1069 contigit'
385 1028 580 1068 Delphinum
614 1030 742 1068 repente
775 1028 857 1058 inter
888 1028 988 1058 undas
1022 1028 1185 1058 adnavisse

179 1072 380 1112 fluitantique
418 1084 485 1103 sese
522 1072 645 1103 homini
682 1072 857 1103 subdidisse
895 1074 926 1102 et
963 1072 1056 1102 dorso
1092 1082 1186 1112 super

178 1116 293 1147 fluctus
327 1117 411 1147 edito
444 1117 618 1147 vectavisse
652 1116 865 1156 incolumique
894 1127 965 1146 eum
995 1126 1126 1156 corpore
1155 1118 1186 1146 et

135 1172 166 1194 17
179 1163 293 1191 ornatu
308 1160 484 1191 Taenarum
505 1162 537 1191 in
557 1163 673 1191 terram
688 1160 876 1191 Laconicam
897 1160 1065 1190 devexisse.
1103 1159 1184 1190 Tum

178 1203 329 1235 Arionem
359 1216 488 1245 prorsus
517 1216 555 1236 ex
584 1216 620 1236 eo
649 1205 719 1235 loco
745 1204 932 1235 Corinthum
963 1204 1112 1244 petivisse
1140 1206 1184 1234 ta-
1200 1217 1224 1236 25

178 1250 304 1289 lemque
327 1248 499 1280 Periandro
528 1250 608 1290 regi,
638 1249 739 1289 qualis
766 1249 916 1289 delphino
941 1251 1050 1279 vectus
1074 1248 1185 1288 fuerat,

179 1293 357 1333 inopinanti
389 1304 456 1324 sese
486 1294 638 1334 optulisse
667 1294 758 1334 eique
786 1304 865 1333 rem,
898 1293 992 1323 sicuti
1019 1292 1185 1332 acciderat,

136 1347 166 1370 13
178 1338 361 1368 narravisse.
408 1337 529 1379 Regem
556 1339 653 1368 istaec
677 1349 788 1378 parum
814 1337 995 1375 credidisse,
1024 1336 1185 1376 Arionem,

135 1392 166 1414 19
179 1382 268 1422 quasi
293 1382 429 1421 falleret,
453 1383 604 1413 custodiri
628 1382 764 1421 iussisse,
791 1382 913 1411 navitas
937 1381 1108 1421 inquisitos
1132 1380 1184 1411 ab-

177 1426 283 1467 legato
312 1425 431 1457 Arione
465 1426 700 1457 dissimulanter
731 1426 956 1466 interrogasse,
989 1425 1101 1465 ecquid
1131 1436 1184 1455 au-
1199 1439 1224 1457 ³0

134 1480 166 1502 20
179 1470 299 1500 dissent
322 1471 355 1500 in
378 1470 428 1501 ln's
452 1471 539 1508 locis,
564 1471 645 1501 unde
669 1470 837 1509 venissent,
862 1480 956 1509 super
975 1468 1107 1509 Arione3
1131 1480 1184 1500 eos

178 1514 294 1544 dixisse
318 1515 489 1554 hominem,
514 1525 585 1545 cum
610 1515 681 1545 inde
705 1515 795 1553 irent,
819 1514 852 1544 in
873 1516 956 1544 terra
975 1512 1068 1544 Italia
1086 1513 1184 1544 fuisse

178 1569 312 1598 eumque
337 1559 402 1589 illic
426 1559 506 1589 bene
529 1559 649 1599 agitare
674 1561 704 1589 et
726 1558 838 1589 studiis
859 1557 1184 1597 delectationibusque

180 145 394 184 pecuniaeque
437 144 568 184 cupidos
609 144 728 184 cepisse
766 143 933 174 consilium
971 143 1008 174 de
1045 143 1186 174 necando
1237 133 1242 194 1

1239 231 1241 250 1

250 1676 280 1697 13
302 1672 355 1697 sibi
375 1675 392 1697 Z
417 1672 456 1697 ibi
476 1672 557 1697 homo
577 1675 600 1697 X
619 1675 643 1698 et
658 1681 679 1697 iz
697 1672 711 1697 l.
728 1672 758 1697 in
774 1674 790 1695 0
806 1672 814 1704 Η
831 1674 861 1696 17
883 1679 911 1696 se
930 1679 1032 1704 pronus
1049 1671 1162 1696 Crusius
1175 1669 1184 1704 Η

179 1711 209 1733 21
231 1708 370 1741 contingit
383 1708 442 1732 X'Z
458 1709 465 1740 ΙΙ
481 1710 512 1732 27
529 1707 687 1740 inopinanti
702 1715 751 1733 om.
766 1716 785 1740 γ
801 1707 810 1739 ΙΙ
827 1709 859 1732 28
875 1707 921 1731 isti
937 1715 962 1739 p.
979 1709 1002 1731 X
1016 1706 1107 1738 ist(a)e
1122 1713 1183 1739 gra-

178 1753 237 1769 rum
254 1744 276 1769 δ’
289 1745 298 1776 ll
313 1746 345 1768 ‘29
366 1743 514 1775 requisitos
528 1752 547 1776 γ
561 1744 569 1776 Η
585 1746 617 1768 30
638 1744 665 1768 et
684 1742 752 1775 qnid
767 1752 787 1767 ω
803 1746 810 1775 Η
826 1745 858 1767 32
878 1742 950 1767 unde
966 1742 988 1767 δ
