1291 1912
535 35 597 62 xlv
619 39 630 61 1
1026 36 1088 68 105

83 129 121 149 ex
150 129 212 149 una
240 120 328 158 parte
356 120 457 148 terrae
483 117 643 148 observari
670 118 829 157 debuisse,
856 129 937 158 quae
961 118 1088 149 tandem

84 163 155 193 finis
188 162 417 192 observationis
450 162 541 193 istius
573 162 635 193 fuit
668 165 699 193 et
732 173 811 203 quae
840 165 984 203 tempora
1012 164 1088 194 satis

83 218 150 237 esse
178 207 244 237 visa
273 209 347 237 sunt
375 206 413 236 ad
442 207 694 247 percipiendum,
722 207 797 247 quid
822 210 1089 247 praemonstraret

83 254 137 282 aut
160 253 268 282 coetus
291 251 453 281 stellarum
473 253 528 282 aut
547 251 697 282 circuitus
717 254 771 282 aut
791 252 964 283 transitus?
1004 251 1088 282 Nam
1103 259 1133 282 15

57 296 109 327 ssi
138 295 199 326 isto
228 295 322 325 modo
351 298 463 335 coepta
492 296 559 326 fieri
589 296 767 327 observatio
797 299 857 335 est,
888 298 923 327 ut
951 296 1090 327 animad—

83 342 270 373 verteretur.
299 350 362 379 quo
386 339 498 370 habitu
524 351 648 380 quaque
672 341 773 371 forma
798 351 923 381 quaque
947 341 1090 381 positura.

84 384 245 415 stellarum
274 384 389 424 aliquis
413 387 606 424 nasceretur,
635 387 702 415 tum
727 385 874 425 deinceps
899 385 937 415 ab
962 386 1090 416 ineunte

84 429 148 459 vita
180 429 309 459 fortuna
342 429 408 459 eius
442 431 473 459 et
506 440 608 459 mores
641 431 673 460 et
704 429 867 471 ingenium
900 432 930 460 et
959 430 1090 461 circum-

84 473 200 504 stantia
233 484 337 504 rerum
370 473 635 514 negotiorumque
666 476 697 504 et
724 474 763 505 ad
792 476 988 514 postremum
1017 474 1090 504 finis

45 531 70 550 ιο
85 518 179 548 etiam
204 517 286 548 vitae
312 520 508 558 spectaretur
531 528 629 558 eaque
654 519 769 558 omnia,
792 521 828 549 ut
852 530 910 549 usu
930 521 1091 558 venerant,

84 562 198 592 litteris
223 562 447 592 mandarentur
469 573 505 593 ac
530 565 639 602 postea
663 563 767 604 longis
787 563 994 603 temporibuS,
1018 574 1090 594 cum

84 607 171 647 ipsae
208 606 280 636 illae
314 606 424 637 eodem
456 607 489 637 in
522 607 592 637 1000
626 607 799 647 eodemque
832 607 943 638 habitu
977 608 1091 647 forent,

83 650 192 681 eadem
230 651 342 681 ceteris
380 661 507 691 quoque
544 654 695 682 eventura
729 652 998 691 existimarentur,
1037 653 1091 692 qui

83 695 193 726 eodem
218 695 273 725 illo
298 697 441 735 tempore
463 696 529 726 nati
549 696 695 731 fuissent:
720 697 746 727 si
766 697 838 727 isto’
859 697 964 736 inquit
984 696 1090 727 ‘modo
1104 704 1135 728 16

45 753 70 772 15
85 739 246 770 observari
282 742 430 780 coeptum
469 742 500 770 et
533 751 570 770 ex
604 751 639 771 ea
673 740 893 772 observatione
926 741 1091 781 conposita

84 783 238 824 quaedam
260 784 426 824 disciplina
446 787 502 824 est,
521 785 609 815 nullo
630 785 661 815 id
682 788 775 825 pacto
792 788 898 826 potest
913 786 1090 826 procedere.

84 827 201 859 Dicant
226 829 324 868 enim,
352 831 430 868 quot
454 829 581 860 tandem
605 829 695 860 annis
720 830 770 860 vel
794 830 900 870 potius
924 832 1003 870 quot
1027 838 1135 861 sae-17

85 873 164 903 culis
185 873 269 903 orbis
290 873 341 903 hic
361 872 590 904 observationis
610 874 719 914 perfici
739 875 895 914 quiverit?
939 873 1091 905 Constare
1104 883 1135 906 13

85 917 204 957 quippe
240 918 323 948 inter
359 918 537 959 astrologos
575 918 699 949 dicebat
737 919 843 949 stellas
881 919 971 959 istas,
1013 930 1091 958 quas

46 974 71 994 20
86 962 234 992 erraticas
268 962 420 1001 dicerent,
453 973 533 1002 quae
567 974 633 993 esse
667 963 808 994 omnium
841 974 947 994 rerum
979 964 1092 994 fatales

85 1006 278 1045 viderentur,
306 1006 432 1037 infinito
459 1017 558 1047 prope
582 1009 613 1038 et
637 1007 859 1038 innumerabili
883 1018 1015 1038 numero
1039 1019 1092 1038 an-

85 1060 198 1081 norum
222 1050 261 1081 ad
281 1051 413 1081 eundem
434 1051 539 1082 locum
560 1062 631 1082 cum
652 1052 761 1083 eodem
781 1051 893 1083 habitu
913 1053 1007 1083 simul
1028 1063 1092 1083 om-

85 1105 139 1125 nes
163 1096 308 1131 <reve1ti,
332 1095 437 1135 unde>
462 1096 621 1136 profectae
646 1099 728 1136 sunt,
751 1099 787 1127 ut
811 1108 913 1137 neque
935 1097 1018 1127 ullus
1039 1097 1093 1127 ob-

85 1139 271 1170 servationis
289 1142 381 1170 tenor
395 1150 496 1180 neque
512 1141 682 1171 memoriae
698 1141 762 1171 ulla
777 1141 899 1183 effigies
914 1142 1093 1172 litterarum

46 1196 71 1215 25
85 1185 174 1214 tanto
199 1194 276 1214 aevo
301 1184 463 1224 potuerint
487 1184 625 1215 edurare.
667 1184 773 1225 Atque
797 1186 876 1216 illud
900 1186 1005 1225 etiam,
1029 1186 1136 1217 cui-19

85 1228 171 1258 modi
194 1231 289 1267 esset,
313 1229 574 1260 considerandum
600 1229 746 1270 putabat,
770 1230 855 1270 quod
878 1230 965 1261 aliud
989 1231 1093 1261 stella-

85 1283 155 1303 rum
183 1283 298 1313 agmen
326 1274 421 1313 foret,
450 1284 513 1313 quo
542 1274 680 1314 primum
706 1276 849 1315 tempore
874 1275 1094 1315 conciperetur

85 1315 180 1347 homo
214 1317 247 1347 in
279 1319 369 1348 utero
398 1318 521 1358 matris,
554 1318 639 1349 ah'ud
667 1321 790 1359 postea,
824 1329 895 1350 cum
923 1319 956 1350 in
985 1319 1092 1350 decem

86 1361 246 1392 mensibus
280 1362 434 1402 proximis
467 1363 500 1393 in
527 1363 631 1393 lucem
660 1363 816 1403 ederetur,
849 1363 1094 1404 quaerebatque,

156 1442 170 1465 3
190 1440 278 1465 Amm.
294 1439 369 1465 XXX
384 1443 408 1472 4,
425 1443 456 1466 11

156 1514 172 1536 4
191 1512 224 1536 tr.
245 1512 294 1536 aut
312 1518 376 1536 nam
392 1512 414 1537 d
427 1512 436 1544 [Ι
453 1513 484 1536 10
504 1513 696 1545 expectaretur
711 1515 759 1537 ΟΧ
775 1513 778 1545 1
795 1521 876 1538 usum
890 1515 907 1537 Z
922 1514 930 1546 ΙΙ
947 1516 978 1538 14
997 1513 1093 1538 eodem

85 1545 134 1571 del.
155 1546 198 1572 SR.
222 1547 230 1579 ΙΙ
256 1550 287 1571 15
311 1548 339 1572 et
359 1547 428 1573 JGr.
454 1549 496 1572 est
520 1558 540 1573 ω
569 1549 611 1573 est
635 1550 662 1573 et
680 1547 718 1572 X²
741 1550 748 1581 ΙΙ
773 1551 805 1573 16
829 1548 859 1573 id
878 1548 927 1574 del.
948 1549 1072 1574 Eussner

87 1584 118 1606 18
140 1581 197 1616 hic]
218 1581 251 1610 αἵ
275 1582 325 1607 hoc
346 1592 366 1607 ω
383 1584 386 1615 Ι
403 1583 499 1616 perfici
522 1582 592 1608 uelit
612 1584 643 1608 11
666 1585 674 1617 ss
698 1586 729 1609 21
755 1583 821 1618 vid]
847 1583 1005 1610 dicerentur
1023 1586 1070 1609 No
1086 1587 1094 1617 ΙΙ

87 1619 119 1642 2⁴2
139 1625 200 1642 cum
220 1617 269 1643 del.
288 1618 366 1651 I'oqel
389 1626 443 1651 quo
463 1626 485 1643 e.
506 1618 584 1644 abitu
604 1627 623 1644 s.
640 1627 663 1645 o.
679 1628 718 1652 pr.
739 1619 836 1645 Triller
854 1619 880 1651 1.,
899 1628 960 1645 cuin
976 1628 998 1645 e.
1015 1619 1093 1645 abitu

87 1660 106 1678 s.
127 1660 150 1678 0.
169 1661 210 1685 pr.
229 1653 292 1685 sint,
311 1661 374 1683 rev.³
394 1655 426 1679 ut
439 1654 525 1680 Hertz
539 1656 547 1687 ΙΙ
563 1657 595 1679 23
610 1654 683 1680 unde
699 1655 762 1680 add.
781 1655 860 1689 Voyrl
877 1655 977 1680 reverti
992 1655 1094 1687 (redire

85 1688 155 1721 sim.)
165 1691 228 1721 post
243 1690 307 1714 sunt
321 1689 384 1714 add.
398 1689 444 1715 Gr.
456 1690 491 1715 al.
513 1690 597 1724 (rem,
612 1690 685 1716 unde
701 1690 767 1715 olim
783 1690 898 1725 omnes>
909 1691 952 1716 Sk.
967 1692 976 1723 ΙΙ
992 1693 1024 1716 24
1039 1690 1092 1716 litt.

87 1722 136 1749 del.
151 1723 193 1750 sk.
209 1725 218 1756 Η
233 1727 265 1750 ‘25
285 1724 440 1750 cuiusmodi
455 1727 475 1753 Q.
