1266 1902
539 444 579 478 A.
609 444 639 479 Gr
650 444 679 479 E
690 445 717 479 L
728 445 755 479 L
767 445 783 480 Ι
793 445 809 480 Ι

173 526 401 567 NOCTIVM
442 525 738 568 ATTICARVM
779 528 940 568 LIBER
981 526 1173 570 SEXTVS

561 614 786 657 DEOIMVS

667 786 682 818 I

172 846 263 872 Verba
291 846 400 872 Musoni
428 847 587 880 philosophi
616 847 721 873 Graeca
748 848 833 881 digna
862 849 945 880 atque
972 848 1054 874 utilia
1082 848 1172 874 audiri

207 882 413 915 observarique3
443 882 620 915 eiusdemque
648 883 779 909 utilitatis
806 884 944 909 sententia
968 892 984 909 a
1007 884 1043 909 M.
1069 883 1172 910 Catone

206 917 301 943 multis
321 919 385 943 ante
405 919 484 944 aunis
505 917 672 944 Numantiae
692 919 727 944 ad
746 919 852 951 equites
873 919 955 944 dicta.

145 989 157 1011 1
236 980 476 1012 Adujescentuli
509 991 580 1012 cum
614 982 777 1012 etiamtum
810 982 843 1012 in
877 982 993 1013 scholis
1024 993 1171 1022 essemus,
1199 994 1210 1014 5
1255 1014 1257 1017 ,

170 1024 417 1066 ἐνθυμημάτων
436 1026 496 1056 hoe
517 1025 680 1065 Graecum,
701 1026 785 1066 quod
804 1026 946 1066 adposui,
965 1026 1084 1057 dietum
1104 1037 1170 1057 esse
1255 1027 1258 1032 ’

169 1080 187 1099 a
210 1069 383 1100 Musonio
408 1069 599 1110 philosopho
624 1070 827 1101 audiebamus
852 1073 897 1110 et,
925 1070 1074 1110 quoniam
1099 1081 1170 1101 vere

169 1115 263 1153 atque
291 1114 451 1144 luculente
480 1114 598 1145 dietum
628 1114 792 1154 verbisque
821 1116 868 1144 est
897 1114 1043 1145 brevibus
1068 1116 1099 1145 et
1122 1125 1170 1145 ro-

168 1158 275 1188 tundis
295 1158 446 1197 vinctum,
465 1169 616 1199 perquam
637 1158 771 1189 libenter
790 1159 1032 1189 memineramus
1049 1160 1089 1198 (p.
1105 1160 1171 1189 273

143 1201 250 1241 2Peg):
272 1201 331 1232 ''Av
359 1214 389 1232 τι
418 1202 540 1243 πράξῃς
567 1203 669 1234 καλὸν
695 1203 772 1243 μετὰ
797 1204 917 1242 πόνου,
945 1202 962 1233 ὁ
986 1201 1045 1242 μὲν
1068 1203 1169 1239 πόνος
1184 1215 1208 1233 10

168 1248 298 1286 οἴχεται,
318 1246 354 1276 τὸ
375 1244 409 1276 δὲ
429 1247 529 1277 καλὸν
548 1246 649 1287 μένει·
672 1247 712 1277 ἄν
732 1258 761 1277 τι
781 1247 918 1287 ποιήσῃς
937 1247 1072 1287 αἰσχρὸν
1091 1247 1168 1287 μετὰ

167 1289 302 1329 ἡδονῆς,
326 1290 362 1321 τὸ
386 1288 445 1330 μὲν
469 1290 532 1330 ἡδὺ
557 1294 691 1331 οἴχεται,
715 1291 750 1321 τὸ
775 1289 810 1321 δὲ
834 1291 970 1331 αἰσχρὸν
993 1290 1088 1331 μένει.

141 1342 155 1365 3
233 1333 348 1364 Postea
378 1334 470 1365 istam
499 1335 599 1375 ipsam
630 1335 816 1365 sententiam
845 1335 878 1365 in
906 1334 1060 1366 Catonis
1090 1345 1168 1365 ora-

167 1378 285 1418 tione,
327 1389 433 1418 quam
476 1379 574 1409 dixit
611 1378 837 1409 Numantiae
874 1379 971 1419 apud
1008 1379 1167 1418 equites,

167 1422 302 1462 positam
328 1423 472 1463 legimus.
515 1422 600 1459 Quae
625 1423 683 1454 etsi
707 1423 879 1453 laxioribus
904 1423 999 1463 paulo
1018 1422 1167 1464 longiori·
1183 1434 1206 1454 15

167 1466 288 1506 busque
317 1466 420 1497 verbis
450 1466 676 1507 comprehensa
704 1469 751 1498 est
776 1478 947 1507 praequam
972 1467 1050 1497 illud
1075 1466 1167 1497 Grae-

167 1520 252 1549 cum,
285 1511 369 1550 quod
403 1511 552 1551 diximus,
589 1511 737 1551 quonjam
770 1513 876 1542 tamen
909 1511 996 1551 prior
1026 1513 1167 1551 tempore

139 1554 390 1594 4antiquiorque
415 1557 475 1594 est7
501 1555 709 1586 venerabilior
732 1555 830 1586 videri
855 1555 954 1586 debet.
1001 1554 1106 1586 Verba
1129 1566 1167 1585 ex

166 1599 308 1628 oratione
337 1599 413 1629 haee
442 1602 515 1630 sunt
539 1600 622 1638 (V1
641 1599 700 1635 J.):
729 1598 903 1640 Cogitate
928 1610 1006 1630 eum
1032 1599 1166 1629 animis

237 1696 251 1719 3
271 1693 367 1719 utilem
383 1696 435 1726 (em
450 1703 482 1720 ar
497 1695 561 1726 itas)
578 1697 597 1722 Q.
613 1695 616 1728 Ι
634 1695 802 1720 sentenciam
819 1710 849 1712 —
867 1695 969 1720 dietam
985 1695 1007 1720 d
1021 1695 1029 1727 ΙΙ
1046 1697 1076 1720 16
1091 1694 1166 1727 Ροεὺ-

165 1737 246 1761 quam
262 1731 285 1753 X
305 1730 480 1762 preterquam
495 1729 528 1754 Τ2
541 1731 550 1763 Η
566 1732 596 1755 17
618 1730 703 1764 prior]
719 1732 764 1755 ΤΥ
784 1730 874 1762 priore
890 1740 909 1755 ω
