1266 1902
179 66 220 97 80
585 65 647 91 XIII
667 68 698 91 21
719 66 773 99 (20)

178 146 264 184 Quae
297 149 383 187 sunt,
416 147 541 187 opinor,
574 146 767 177 iucundioris
798 146 997 188 gracilitatis,
1030 156 1124 186 quam
1153 146 1180 176 si

153 199 234 222 7suo
258 193 428 231 utrumque
452 190 522 222 loco
547 201 603 231 per
626 201 642 221 e
666 190 804 221 litteram
829 190 933 221 dicas?
975 189 1018 221 At
1039 190 1101 229 ille,
1125 190 1179 230 qui

178 235 439 276 interrogaverat,
471 235 557 265 rudis
591 234 732 274 profecto
766 236 797 265 et
824 245 898 265 aure
926 235 1041 276 agresti
1070 234 1179 265 homo:

179 279 256 309 ‘cur’
285 279 389 319 inquit
418 279 515 309 ‘aliud
543 279 605 309 alio
631 279 664 309 in
687 279 757 309 1000
782 279 888 319 potius
912 279 1089 319 rectiusque
1114 289 1179 308 esse

151 324 276 363 edicas,
306 333 371 354 non
399 334 473 354 sane
501 323 672 364 intellego.'
724 322 805 353 Tum
833 322 977 353 Probus
1005 323 1067 353 iam
1097 333 1180 353 eom·
1208 335 1219 354 ⁵

179 368 307 398 motior:
340 367 427 398 ‘noli’
458 367 562 407 inquit
591 367 700 408 ‘igitur
727 367 884 406 laborare,
911 369 1018 398 utrum
1046 367 1179 397 istorum

179 412 291 443 debeas
316 411 426 452 dicere,
453 411 562 442 ‘urbis'
587 422 627 442 an
652 411 777 442 ‘urbes’.
823 410 906 441 Nam
930 421 1002 441 cum
1025 411 1057 441 id
1081 421 1179 452 genus

179 456 230 495 sis,
250 456 335 495 quod
354 456 455 494 video,
473 458 509 486 ut
528 456 595 486 sine
614 455 734 486 iactura
753 457 807 486 tua
826 465 944 496 pecces,
964 454 1044 485 nihil
1060 455 1179 495 perdes,

178 502 285 530 utrum
309 500 445 530 dixeris?

152 552 166 575 9
244 543 304 575 His
327 546 395 574 tum
419 544 522 574 verbis
542 543 686 574 Probus
708 546 738 574 et
757 544 816 574 hac
835 543 890 574 fini
910 543 1071 574 hominem
1091 543 1180 573 dimi·
1195 555 1220 575 10

179 589 228 628 sit,
252 590 288 619 ut
311 599 379 619 mos
404 588 470 619 eius
491 588 553 619 fuit
572 599 646 629 erga
665 588 825 627 indociles,
849 598 948 628 prope
967 587 1179 618 inclementer.

135 641 167 663 10
178 632 246 663 Nos
266 634 371 663 autem
387 633 473 663 aliud
488 643 614 672 quoque
630 634 739 673 postea
754 632 961 663 consimiliter
975 643 992 662 a
1007 631 1179 672 Vergilio

179 677 297 717 duplici
330 677 424 707 modo
458 677 611 717 scriptum
640 676 823 707 invenimus.
874 675 956 706 Nam
986 678 1017 706 et
1045 678 1121 706 tres
1149 677 1181 706 et

178 721 248 751 tris
282 721 391 761 posuit
423 721 532 752 eodem
566 721 599 751 'm
626 722 696 752 1000
726 731 761 751 ea
788 720 895 751 iudicii
924 720 1112 759 subtilitate,
1145 721 1180 750 ut

179 765 204 795 si
233 765 324 795 aliter
352 765 466 796 dixeris
495 765 728 804 mutaverisque
757 767 787 795 et
815 764 935 804 aliquid
963 766 1068 795 tamen
1095 764 1179 794 auris
1195 776 1219 796 15

135 818 165 840 11
179 809 308 848 habeas,
341 810 457 840 sentias
491 810 679 840 suavitatem
710 809 831 839 sonitus
859 808 1010 839 claudere.
1062 807 1179 838 Versus

179 864 217 883 ex
241 854 383 884 decimo
408 854 447 893 (v.
463 856 538 893 350)
562 854 595 884 hi
620 855 704 884 sunt:

222 909 298 937 tres
332 917 479 948 quoque
508 906 704 937 Threicios
733 906 873 937 Boreae
907 906 948 936 de
981 907 1091 947 gente
1122 915 1179 935 su-

758 961 884 990 prema

223 997 258 1025 et
294 995 378 1034 tris,
415 1006 507 1035 quos
544 994 626 1026 Idas
664 997 769 1035 pater
807 997 843 1069 ez
865 993 1002 1069 tpatria
1038 992 1219 1024 Ismara20

758 1039 824 1069 mit
850 1038 859 1068 i
881 1064 886 1068 .

178 1091 267 1122 Tres
292 1092 366 1132 illio,
389 1093 459 1123 tris
484 1093 547 1131 hic3
572 1092 733 1132 pensicula
754 1093 923 1131 utrumque
942 1090 1179 1129 modulareque:

135 1146 167 1168 12
178 1136 314 1176 reperies
339 1147 395 1167 suo
420 1137 558 1176 quidque
582 1137 615 1166 in
633 1137 703 1167 1000
724 1146 834 1166 sonare
853 1135 1023 1175 aptissime.
1067 1133 1127 1164 Sed
1147 1134 1179 1164 in

178 1180 234 1210 illo
259 1191 385 1220 quoque
409 1181 517 1211 itidem
542 1180 707 1221 Vergilii
730 1190 821 1210 versu
847 1179 899 1219 (A.
916 1179 1058 1218 11554):

222 1234 312 1264 haec
335 1234 426 1264 finis
451 1233 590 1264 Priami
613 1234 789 1272 fatorum,
1194 1243 1219 1262 25

180 1286 205 1316 si
234 1288 336 1317 mutes
365 1287 455 1318 haec
484 1289 514 1317 et
543 1287 606 1317 ‘hio
634 1286 716 1316 finis’
746 1286 842 1323 dieas,
871 1285 984 1315 durum
1010 1286 1105 1324 atque
1128 1283 1179 1314 ab-

180 1341 291 1360 sonum
317 1332 384 1370 erit,
408 1333 620 1371 respuentque
644 1341 742 1369 aures,
767 1330 851 1370 quod
870 1329 1048 1359 mutaveris.
1091 1327 1180 1359 Sicut

180 1375 257 1404 illud
296 1378 405 1406 contra
442 1375 580 1406 eiusdem
613 1374 777 1415 Vergilii
815 1373 974 1404 insuavius
1007 1372 1117 1411 facias,
1154 1372 1179 1402 si

180 1422 281 1449 mutes
307 1419 499 1459 (A.1241):

364 1483 469 1512 quem
495 1472 558 1502 das
582 1472 710 1511 finem,
734 1482 797 1501 rex
820 1481 963 1511 magne,
987 1469 1178 1500 laborum?
1193 1481 1218 1500 30

250 1561 282 1583 ‘25
295 1567 351 1591 sqq.
372 1559 452 1591 (Non.
467 1559 505 1584 ΠΙ
519 1568 543 1592 p.
562 1561 620 1591 205,
637 1562 661 1591 5)

250 1643 264 1663 ὅ
285 1639 344 1672 tua]
365 1640 386 1664 d·
410 1638 450 1663 tui
469 1648 487 1672 γ
502 1639 510 1670 Ι]
527 1641 557 1663 13
577 1638 702 1663 iuuemus
723 1637 755 1665 αἱ
770 1638 777 1669 ΙΙ
794 1640 825 1661 14
845 1636 955 1661 iudiciis
974 1635 1006 1663 αἱ
1025 1634 1124 1660 iudicis
1139 1637 1156 1659 Z
1171 1634 1179 1659 't

181 1677 212 1699 15
236 1675 407 1706 mutatisque
428 1676 447 1701 Q
466 1676 473 1705 ΙΙ
494 1676 525 1698 16
548 1673 703 1699 sentencias
723 1673 745 1698 d
763 1674 771 1705 ΙΙ
792 1675 822 1697 18
842 1671 953 1697 treicias
973 1673 993 1698 0,
1011 1672 1018 1703 ΙΙ
1038 1673 1069 1695 22
1090 1669 1139 1695 tris
1160 1669 1178 1702 (i

179 1718 211 1735 ea:
231 1717 255 1741 e)
274 1711 293 1737 Q
307 1711 315 1742 Η
331 1712 362 1734 25
382 1709 432 1734 hee
452 1711 476 1741 (e
496 1718 527 1734 ιω
547 1717 572 1739 ο)
589 1710 677 1741 91126
698 1708 785 1733 mutes
806 1707 855 1733 hec
875 1708 903 1732 et
923 1709 942 1734 Q
966 1705 1046 1731 simul
1065 1706 1096 1730 ut
1115 1707 1142 1730 et
1161 1713 1179 1738 γ

180 1744 203 1781 si
222 1746 311 1770 mutes
331 1744 402 1770 lutet
416 1746 432 1768 Z
451 1745 549 1775 mutes,
569 1745 600 1769 ut
616 1744 753 1769 Men-cerus
767 1744 775 1776 Η
790 1745 822 1767 30
843 1750 889 1767 sex
905 1743 926 1768 <5
