1266 1902
178 64 244 95 290
637 64 686 90 XX
707 67 719 89 1

135 157 342 180 ecarcerani
372 157 414 176 ne
443 145 615 176 sternito.
661 145 712 175 An
740 147 774 176 tu
799 146 880 176 forte
904 146 1049 177 morbum
1074 147 1179 186 appel-

177 191 237 221 lari
260 190 312 221 hic
336 192 429 230 putas
453 190 701 230 aegrotationem
726 200 853 230 gravem
878 200 949 220 cum
970 190 1051 221 febri
1070 191 1179 231 rapida

178 237 210 265 et
238 244 386 274 quei-cera
414 234 654 274 iumentumque
682 234 743 264 dici
772 244 866 274 pecus
894 234 1023 274 aliquod
1050 235 1178 265 unicum

178 281 268 319 tergo
301 278 439 309 vehens?
474 288 510 308 ac
542 280 709 318 propterea
740 278 844 308 minus
877 278 973 309 fuisse
1005 278 1178 310 humanum

179 323 350 353 existumas
379 324 544 363 aegrotum
570 322 655 353 domi
680 333 753 353 suae
777 322 945 353 cubantem
969 323 1110 353 iumento
1134 323 1178 354 in-

135 380 166 402 27
179 367 317 407 positum
341 367 373 397 in
392 367 440 396 ius
460 367 550 406 rapi?
592 366 671 406 Hoc,
695 367 739 397 mi
757 366 955 406 Favorine,
979 377 1179 407 nequaquam

179 412 223 442 ita
252 413 306 441 est.
353 410 435 441 Nam
464 410 615 441 morbus
644 411 676 441 in
703 411 774 452 lege
800 411 860 441 ista
883 422 948 441 non
971 411 1179 442 febriculosus

178 466 280 495 neque
304 455 437 485 nimium
462 455 575 495 gravis,
599 455 653 486 sed
676 455 788 485 vitium
812 455 942 494 aliquod
964 455 1179 486 inbecillitatis

178 502 273 539 atque
305 499 495 530 invalentiae
523 499 769 538 demonstratur,
801 510 866 530 non
894 499 1068 540 periculum
1096 500 1179 530 vitae

179 543 363 574 ostenditur.
424 542 592 583 Ceteroqui
629 543 775 574 morbum
812 543 1078 574 vehementiorem
1115 544 1179 574 vim

178 588 316 629 graviter
348 587 481 618 nocendi
514 587 683 618 habentem
716 588 822 629 legum
850 588 982 618 istarum
1012 588 1179 628 scriptores

178 633 241 663 alio
262 632 295 662 in
313 632 384 663 loco
403 643 467 662 non
487 643 542 672 per
561 643 593 662 se
613 632 792 671 ‘morbum’,
814 632 867 662 sed
886 632 991 671 (112)
1011 632 1178 663 morbum

135 689 167 711 23
179 677 367 707 sonticum
383 676 552 716 appellant.
584 675 795 707 Iumentum
811 686 936 716 quoque
951 687 1015 706 non
1029 676 1061 706 id
1076 676 1179 707 solum

179 721 352 761 significat,
380 720 464 760 quod
492 731 576 751 nunc
605 720 733 759 dicitur3
766 720 819 751 sed
847 720 1047 751 vectabulum
1076 721 1180 759 etiam,

180 765 264 804 quod
297 776 315 795 a
347 765 463 795 iunctis
496 765 662 805 pecoribus
695 764 891 803 trahebatur,
928 767 1047 795 veteres
1080 765 1179 795 nostri

135 809 380 843 29‘iumentum'
418 820 436 839 a
473 809 655 850 ‘iungendo’
695 809 848 839 dixerunt.
903 808 1042 839 Arcera
1074 811 1179 839 autem

178 853 351 884 vocabatur
393 854 569 893 plaustrum
610 855 730 884 tectum
769 853 908 893 undique
950 855 981 883 et
1021 854 1179 883 munitum

180 898 269 937 quasi
298 908 370 928 arca
398 897 552 937 quaedam
581 908 696 938 magna
723 897 919 928 vestimentis
945 898 1090 937 instrata,
1119 908 1180 937 qua

136 953 168 976 30
179 942 273 972 nimis
293 942 379 982 aegri
398 944 453 972 aut
472 953 561 972 senes
580 941 699 981 pmtari
720 941 869 972 cubantes
890 941 1041 972 solebant.
1083 940 1180 990 Quae-

179 997 252 1016 nam
281 986 340 1016 tibi
368 986 466 1027 igitur
494 986 647 1017 acerbitas
676 996 743 1016 esse
770 985 837 1016 visa
866 988 925 1025 est,
958 986 1043 1025 quod
1070 986 1104 1016 in
1131 986 1205 1016 iuss

180 1032 292 1060 vocato
321 1012 509 1070 paupertino
538 1030 660 1061 homini
689 1030 738 1060 vel
761 1030 862 1070 inopi,
891 1030 945 1069 qui
969 1032 1024 1060 aut
1047 1029 1180 1070 pedibus

178 1074 261 1105 forte
285 1075 388 1115 aegris
413 1076 494 1105 esset
513 1077 568 1105 aut
587 1085 649 1115 quo
669 1075 731 1104 alio
751 1085 824 1105 casu
844 1073 966 1115 ingredi
985 1084 1049 1104 non
1069 1074 1180 1114 quiret,

180 1119 357 1158 plaustrum
395 1130 461 1149 esse
499 1118 635 1149 dandum
669 1118 878 1149 censuerunt?
915 1129 1017 1158 neque
1049 1118 1180 1148 insterni

179 1165 286 1193 tamen
310 1162 442 1193 delicate
465 1173 604 1194 arceram
629 1163 800 1202 iusserunt,
826 1163 976 1202 quoniam
1001 1163 1076 1193 satis
1100 1164 1181 1192 esset

180 1207 318 1237 invalido
348 1207 486 1238 cuimodi
515 1207 724 1238 vectabulum.
770 1205 875 1246 Atque
904 1206 935 1237 id
958 1206 1114 1245 fecerunt,
1141 1217 1180 1237 ne

180 1251 320 1282 causatio
363 1252 423 1282 ista
462 1252 547 1292 aegri
585 1251 725 1291 corporis
763 1253 947 1291 perpetuam
984 1251 1179 1281 vacationem

180 1295 268 1325 daret
296 1295 389 1326 fidem
419 1295 667 1326 detractantibus
696 1295 835 1334 iurisque
860 1295 1000 1325 actiones
1024 1294 1180 1325 declinan-

136 1350 167 1373 31
180 1339 273 1369 tibus.
321 1338 381 1370 Sed
406 1340 488 1370 enim
514 1340 617 1380 ipsum
642 1339 720 1370 vide.
761 1338 895 1369 Iniurias
918 1339 1017 1369 factas
1041 1339 1180 1378 quinque

180 1386 212 1414 et
235 1383 349 1424 viginti
373 1384 495 1415 assibus
520 1385 698 1414 sanxerunt.
744 1382 818 1413 Non
843 1383 971 1413 omnino
997 1393 1114 1422 omnes,
1137 1383 1181 1413 mi

251 1484 266 1505 5
286 1480 374 1505 Α111111
391 1479 452 1504 XXI
468 1482 491 1510 9
508 1482 521 1504 7
631 1482 662 1504 13
674 1487 731 1511 sqq.
750 1478 867 1503 Varrol
884 1478 900 1504 l.
918 1478 941 1503 V
958 1480 1064 1509 31,135
1084 1477 1181 1503 N0n.1

180 1524 205 1547 p.
218 1518 260 1545 54
272 1517 358 1541 affl:
370 1515 413 1540 Cc
417 1515 540 1546 LV650
552 1516 595 1545 55)
611 1514 684 1545 (Isid.
696 1513 757 1539 XVI
770 1517 809 1544 18
821 1516 846 1542 4)
949 1516 1023 1546 lsssq
1006 1522 1050 1546 qq
1064 1512 1179 1538 Varrol.

181 1550 197 1575 l
214 1550 237 1574 V
253 1553 293 1582 31
312 1553 360 1575 140
380 1550 449 1575 Non
465 1550 516 1583 lp
534 1553 575 1581 55
591 1552 604 1574 3
626 1549 697 1575 Serv.
713 1548 749 1582 pl
765 1549 889 1574 111711
910 1548 1074 1574 CGLV189

252 1642 283 1663 15
304 1647 320 1664 a
339 1638 440 1664 iunctis
460 1647 475 1663 6
493 1637 594 1663 iunctis
614 1639 636 1663 ό
656 1637 793 1663 adiunctis
813 1646 831 1670 γ
847 1637 851 1671 Ι
868 1637 1024 1670 pectoribus
1040 1636 1179 1669 (tempori-

180 1674 230 1699 bus
246 1674 404 1707 pectoribus
416 1676 445 1706 α)
461 1684 480 1699 ω
495 1673 691 1707 [trahebantur
702 1673 723 1698 δ
736 1674 738 1706 l
751 1672 926 1704 trahebatur3
941 1673 1045 1698 veteres
1061 1671 1133 1697 enim
1144 1679 1159 1696 6
1172 1672 1181 1704 ΙΙ

182 1712 212 1734 17
224 1709 378 1742 plaustrum
389 1709 564 1744 (misticum)
576 1709 660 1734 Hert:
671 1716 702 1734 em
711 1709 803 1734 Nonio
817 1710 826 1740 ΙΙ
840 1711 873 1733 25
885 1707 1051 1733 cuicuimodi
1064 1707 1158 1732 Carrio
1175 1707 1178 1740 Q

179 1744 354 1770 uectaculum
371 1744 458 1770 6011
469 1745 477 1777 Η
493 1747 525 1769 ‘38
545 1744 604 1777 ipse
620 1744 689 1769 Boot
706 1744 709 1777 1
726 1743 788 1768 vide
808 1743 881 1776 quod
897 1752 912 1768 σ

1195 1218 1220 1238 25
1249 1211 1266 1230 ΕΙ
