1266 1902
154 69 175 99 4
595 68 715 100 ΧΙΞςὸ

155 161 234 181 111113
272 150 516 191 elegantium,
555 148 737 180 Scaevola
774 160 971 190 parcorum
1007 151 1155 191 elegan-

155 194 332 225 tissimus.

90 240 94 242 ’
128 247 142 269 5
220 238 385 269 Praeterea
417 249 454 268 ex
487 237 613 268 eodem
642 237 742 267 libro
773 236 926 268 Catonis
954 238 1032 269 haee
1061 239 1155 269 etiam

157 283 292 323 sparsim
329 284 360 312 et
394 282 539 312 intercise
572 281 845 312 commeminimus
879 282 930 321 (fr.
950 284 973 313 2
991 282 1020 314 J.
1045 285 1072 313 et
1089 282 1155 320 B.):

156 326 301 357 Vestiri
331 326 434 366 inquit
462 326 499 356 in
528 326 610 356 foro
639 325 796 356 honeste
822 336 899 356 mos
924 328 1016 366 erat,
1045 326 1157 367 domi,

156 370 254 411 quod
290 371 383 400 satis
417 372 504 400 erat.
559 369 685 410 Equos
719 370 842 400 carius
875 381 982 410 quam
1016 381 1156 411 coquos

155 414 335 445 emebant.
386 413 564 445 Poeticae
597 414 690 444 artis
723 414 841 444 honos
874 425 947 445 non
979 416 1068 446 erat.
1119 414 1157 445 Si

156 459 239 499 quis
264 459 301 488 in
326 469 365 489 ea
390 469 426 488 re
451 458 629 488 studebat
652 460 716 488 aut
740 469 819 488 sese
841 458 884 489 ad
904 459 1078 490 convivia
1097 459 1157 490 ad-

130 503 339 543 ssplicabat‚
373 502 585 533 ‘crassator'
616 501 830 533 vocabatur.
878 501 938 533 Illa
966 513 1091 543 quoque
1119 515 1157 534 ex

155 547 282 577 eodem
303 546 403 577 libro
423 546 602 587 praeclarae
621 546 763 577 veritatis
783 547 939 577 sententia
958 549 1006 578 est
1026 548 1077 587 (fr.
1092 549 1113 578 3
1127 547 1156 579 J.

154 593 182 621 et
194 591 261 625 B.):
286 590 377 621 Nam
403 591 481 621 vita
504 591 608 630 inquit
628 590 787 621 humana
807 601 923 631 prope
942 592 998 622 uti
1016 592 1156 622 ferrum

155 637 218 666 est.
271 634 309 665 Si
338 645 525 673 exerceas,
554 635 780 675 oonteritur3
810 635 840 665 si
868 645 940 666 non
969 646 1157 673 exerceas,

155 682 277 710 tamen
311 679 444 721 robigo
479 679 677 709 interficit.
728 678 821 709 Item
854 679 1024 710 homines
1055 690 1157 710 exer-

155 723 270 754 cendo
295 723 463 754 videmus
488 723 647 764 conteri3
672 723 703 754 si
726 723 825 754 nihil
849 734 1036 764 exerceas,
1060 724 1156 754 iner-

155 768 208 798 tia
236 769 347 807 atque
376 768 534 808 torpedo
566 768 650 808 plus
680 767 899 798 detrimenti
927 768 1020 799 facit
1048 779 1155 808 quam

156 812 347 842 exercitio.

634 898 681 930 ΙΙΙ

156 960 250 991 Qualis
270 961 428 993 quantaque
449 960 485 985 sit
505 960 575 993 ‘pro'
597 959 750 993 particulae
769 960 900 991 varietas;
921 960 1009 992 deque
1025 960 1156 993 exemplis

191 996 248 1021 eius
269 996 419 1021 varietatis.

131 1068 144 1089 1
223 1058 354 1095 Quando
384 1059 422 1089 ab
451 1058 590 1089 arbitriis
619 1059 819 1100 negotiisque
843 1058 942 1089 otium
967 1060 1015 1089 est
1038 1060 1068 1089 et
1092 1069 1156 1089 mo—

156 1103 242 1133 tandi
280 1104 421 1143 eorporis
459 1103 560 1144 gratia
598 1105 652 1133 aut
689 1104 862 1143 spatiamur
899 1104 953 1133 aut
988 1104 1157 1142 veetalnur,

156 1158 304 1187 quaerere
337 1157 574 1188 nonnumquam
608 1149 685 1187 aput
718 1149 834 1178 memet
862 1147 965 1187 ipsum
994 1147 1080 1178 soleo
1108 1158 1156 1178 res

156 1191 310 1222 eiusmodi
353 1202 464 1231 parvas
505 1191 630 1231 quidem
669 1191 869 1231 minutasque
907 1193 938 1221 et
975 1191 1156 1221 hominibus

156 1246 219 1265 non
243 1235 320 1265 bene
345 1236 475 1266 eruditis
499 1235 721 1276 aspmnabiles,
746 1235 800 1266 sed
821 1235 859 1266 ad
879 1237 1019 1266 veterum
1040 1235 1157 1276 scripta

157 1279 282 1319 penitus
307 1280 465 1310 noscenda
484 1281 514 1310 et
534 1279 573 1310 ad
593 1280 755 1310 scientiam
775 1279 903 1320 linguae
922 1279 1053 1310 Latinae
1073 1290 1155 1309 cum-

156 1324 266 1363 primis
304 1324 507 1354 necessarias:
545 1324 631 1354 velut
666 1326 727 1364 est,
764 1324 848 1364 quod
879 1324 960 1354 forte
992 1334 1092 1364 nuper
1124 1324 1157 1354 in

157 1367 360 1398 Praenestino
390 1378 514 1398 recessu
542 1368 721 1408 vespertina
747 1368 960 1398 ambulatione
984 1368 1070 1398 solus
1094 1379 1157 1398 am-

156 1411 268 1442 bulans
297 1412 545 1452 considerabam,
577 1412 678 1452 qualis
707 1414 886 1452 quantaque
915 1413 995 1442 esset
1022 1412 1157 1452 particu-

156 1456 257 1486 larum
286 1456 483 1495 quarundam
512 1456 544 1486 in
573 1456 714 1487 oratione
738 1455 852 1486 Latina
877 1456 1018 1486 varietas.
1066 1456 1156 1493 Quod

227 1553 240 1575 6
261 1551 330 1576 Plin.
346 1551 382 1576 IX
402 1554 441 1583 17,
458 1554 488 1576 67

227 1641 241 1663 8
261 1639 328 1670 quid
349 1639 418 1664 ΟΠι
440 1639 487 1671 qui
506 1639 542 1663 X²
559 1639 561 1672 Ι
579 1639 640 1671 quis
660 1639 685 1665 ei
705 1647 734 1665 re
753 1640 897 1665 LMueller
914 1640 917 1672 Ι
934 1638 1048 1664 ludebat
1067 1639 1155 1664 Baeh—

157 1682 216 1698 rens
237 1675 244 1705 Η
268 1677 298 1698 13
319 1675 381 1707 sets(
398 1682 484 1700 exere.
504 1677 527 1698 X
549 1675 577 1699 in
597 1682 683 1700 exero.
700 1677 715 1699 0
736 1676 744 1707 Η
767 1676 799 1699 2³0
819 1674 930 1699 arbitris
950 1684 969 1699 ω
986 1676 1093 1706 praeter
1110 1676 1133 1698 N
1147 1674 1156 1707 ΙΙ

157 1712 186 1733 ’31
205 1710 346 1734 nectamur
362 1709 472 1734 ΟῙΠΧ1
487 1711 495 1741 Η
511 1712 542 1734 25
561 1710 596 1735 ad
611 1710 751 1735 sciendam
767 1710 830 1739 (asc.
847 1711 876 1742 0,)
892 1710 913 1735 δ’
932 1709 1003 1735 uncle
1018 1709 1053 1734 ad
1068 1709 1155 1735 scieu-

156 1744 221 1769 dum
236 1745 306 1770 Lion
323 1746 331 1777 ΙΙ
347 1747 377 1769 ’27
399 1753 506 1770 secessu
520 1745 631 1771 εῙιινυέιιδ

1185 340 1196 358 5

1173 560 1197 579 10

1172 781 1195 800 15

1172 1071 1197 1090 ‘20

1172 1292 1196 1311 25
