1266 1902
162 65 224 95 124
612 65 674 91 XlV
694 69 708 91 7

160 147 311 187 scriptum
338 147 467 186 reliquit
491 157 554 177 non
579 157 687 177 omnes
711 147 801 177 aedes
826 157 928 178 sacras
953 146 1073 186 templa
1096 157 1163 176 esse

160 201 196 221 ac
219 202 259 221 ne
283 190 391 221 aedem
417 190 543 230 quidem
568 190 684 221 Vestae
708 191 862 231 templum
887 202 961 222 esse.

134 242 148 265 8
226 234 304 265 Post
341 235 418 265 haec
455 234 601 275 deinceps
639 235 715 266 dicit
748 235 1056 266 senatusconsultum
1091 236 1164 264 ante

160 281 305 309 exortum
334 281 388 309 aut
417 281 490 319 post
518 289 664 310 occasum
693 279 791 310 solem
819 280 937 310 sactum
967 280 1070 309 ratum
1100 289 1164 308 non

160 323 270 363 fuisse3
300 333 379 363 opus
408 323 502 353 etiam
531 323 708 353 censorium
734 323 846 354 fecisse
870 323 1080 362 existimatos,
1109 333 1165 362 per

161 377 241 406 quos
265 377 302 397 eo
326 369 468 407 tempore
493 367 801 398 senatusconsultum
825 367 944 398 factum
969 369 1058 397 esset.

135 418 149 441 9
227 410 330 441 Docet
363 411 474 441 deinde
507 411 586 441 inibi
620 412 731 442 multa:
765 411 879 451 quibus
911 411 1021 441 diebus
1049 410 1165 442 habere

162 457 305 485 senatum
335 455 383 485 ius
411 466 476 485 non
504 456 558 495 sit3
586 455 812 495 immolareque
840 455 977 486 hostiam
1002 455 1088 495 prius
1113 466 1165 485 au—

162 499 339 539 spicarique
373 499 498 538 debere,
536 499 590 539 qui
623 501 766 530 senatum
798 499 965 530 habiturus
998 501 1093 538 esset,
1128 499 1166 529 de
1199 508 1202 511 ⁴

161 543 318 583 rebusque
355 543 469 574 divinis
505 544 592 583 prius
630 554 723 583 quam
761 543 907 574 humanis
945 543 984 574 ad
1022 545 1164 574 senatum

161 587 359 618 referendum
393 598 473 627 esse3
506 590 573 618 tum
605 598 699 628 porro
728 588 836 618 referri
866 590 1011 628 oportere
1039 589 1093 618 aut
1122 587 1166 617 in>

162 632 250 662 finite
271 632 308 662 de
327 631 490 672 republica
509 633 564 662 aut
584 632 620 662 de
640 632 772 673 singulis
792 632 886 662 rebus
906 632 1008 671 finite,
1028 633 1166 662 senatus-

163 686 223 715 que
243 676 422 706 consultum
443 676 511 706 fieri
527 675 650 706 duobus
665 676 775 716 modis,
795 678 849 706 aut
864 687 920 716 per
935 676 1167 715 discessionem,

163 720 189 750 si
209 720 449 759 consentiretur,
473 722 536 759 aut,
556 720 581 750 si
601 731 649 750 res
670 720 764 750 dubia
784 722 873 759 esset,
894 731 949 760 per
969 720 1166 761 singulorum

163 764 334 794 sententias
367 764 555 804 exquisitas3
589 764 730 805 singulos
763 766 868 794 autem
902 764 1014 795 debere
1043 764 1167 795 consuli

163 808 318 848 gradatim
346 809 505 848 incipique
530 819 547 838 a
572 808 729 838 consulari
753 808 859 849 gradu.
907 808 955 838 Ex
981 819 1044 847 quo
1069 808 1166 849 gradu

164 863 287 892 semper
307 852 433 892 quidem
454 854 546 883 antea
566 853 703 892 primum
722 853 827 893 rogari
848 853 986 891 solitum,
1011 852 1064 891 qui
1084 852 1167 892 prin-

164 906 236 936 ceps
265 897 298 926 in
327 899 470 927 senatum
499 897 600 927 lectus
629 899 722 936 esset;
751 898 818 927 tum
848 899 967 935 autem,
996 906 1067 926 cum
1091 896 1168 926 haec

164 940 327 980 scriberet,
358 951 475 971 novum
505 951 625 971 morem
654 941 834 971 institutum
863 941 959 971 refert
987 951 1042 980 per
1070 940 1168 970 ambi-

163 985 282 1015 tionem
321 985 531 1026 gratiamque,
569 986 604 1015 ut
641 985 667 1015 is
704 985 825 1025 primus
858 987 1035 1025 rogaretur,
1074 995 1166 1023 quem
1184 1008 1193 1015 1

162 1039 274 1069 rogare
299 1028 408 1068 vellet,
436 1029 490 1069 qui
514 1029 645 1059 haberet
669 1030 824 1068 senatum,
851 1029 925 1058 dum
950 1028 976 1058 is
1000 1030 1107 1058 tamen
1130 1039 1167 1058 ex

120 1080 152 1103 10
164 1072 263 1113 gradu
292 1073 450 1103 consulari
479 1075 568 1103 esset.
615 1072 743 1103 Praeter
770 1072 847 1103 haec
874 1073 911 1103 (le
935 1073 1067 1113 pignore
1092 1083 1168 1111 quo-

164 1128 224 1156 que
258 1117 410 1157 capiendo
444 1117 568 1147 disserit
601 1116 700 1156 deque
733 1117 833 1147 multa
864 1116 994 1147 dicenda
1022 1116 1169 1155 senatori,

164 1161 231 1200 qui,
269 1171 339 1191 cum
378 1161 410 1191 in
448 1163 591 1191 senatum
626 1161 732 1191 venire
765 1160 905 1200 deberet,
941 1171 1005 1191 non
1038 1160 1168 1190 adesset.

121 1204 251 1237 11Haec
279 1207 310 1235 et
339 1205 399 1235 alia
428 1205 582 1245 quaedam
611 1205 643 1235 id
671 1215 769 1245 genus
798 1205 831 1235 in
858 1204 954 1243 libro,
984 1215 1045 1244 quo
1073 1215 1195 1244 supi-as

164 1249 242 1288 dixi,
279 1248 319 1279 M.
349 1248 467 1280 Varro
506 1249 672 1289 epistula
704 1249 746 1279 ad
780 1248 991 1289 Oppianum
1025 1249 1168 1288 scripta

164 1295 314 1323 executus
339 1295 393 1324 est.

121 1347 152 1369 12
231 1336 292 1368 Sed
317 1337 401 1376 quod
425 1338 470 1368 ait
493 1337 801 1368 senatusconsultum
827 1336 950 1367 duobus
976 1337 1077 1367 modis
1102 1336 1169 1367 fieri

164 1381 264 1411 solere
293 1384 348 1411 aut
376 1381 563 1421 conquisitis
592 1381 755 1412 sententiis
780 1383 834 1411 aut
858 1392 913 1420 per
937 1380 1170 1419 discessionem,

164 1436 275 1465 parum
296 1426 463 1456 convenire
483 1426 606 1456 videtur
626 1436 696 1456 cum
717 1435 761 1464 eo,
782 1425 866 1464 quod
884 1424 1018 1455 Ateius
1035 1424 1168 1465 Capito
1185 1437 1195 1455 2

122 1478 153 1501 13
164 1469 197 1499 in
213 1469 471 1500 coniectaneis
487 1470 639 1509 scriptum
650 1469 786 1508 reliquit.
815 1468 897 1499 Nam
910 1469 941 1499 in
957 1468 1056 1499 libro
1068 1467 1169 1498 VIIII.

236 1577 250 1599 2
271 1574 342 1599 Serv.
360 1573 418 1607 (pl.)
434 1574 463 1598 A.
480 1573 530 1598 VII
548 1576 596 1598 153
616 1572 653 1598 IX
668 1576 683 1598 4
792 1576 823 1598 15
836 1581 893 1605 sqq.
914 1573 951 1598 IV
969 1576 999 1598 10

235 1674 250 1696 4
267 1670 331 1696 solis
344 1672 376 1700 Π
389 1672 397 1703 ΙΙ
413 1673 425 1695 7
442 1670 537 1695 haberi
548 1672 618 1694 ΝΟΖ
633 1671 641 1702 ΙΙ
658 1673 688 1695 15
705 1669 829 1702 singulas
840 1672 856 1694 Z
872 1672 880 1702 Η
896 1672 927 1695 24
944 1670 1015 1703 ven.]
1030 1669 1120 1694 dicere
1131 1671 1148 1693 Z
1166 1671 1168 1702 ζ

164 1714 227 1731 nam
249 1706 357 1731 deesset
377 1707 410 1731 11
422 1707 430 1735 ΙΙ
445 1708 475 1730 31
498 1705 674 1731 collectaneis
690 1707 735 1729 ΤΥ
750 1706 758 1737 ΙΙ
773 1708 804 1730 31
821 1708 844 1730 et
861 1708 918 1736 1⁸25,
937 1707 966 1730 17
988 1704 1070 1730 VIIH.
1087 1705 1173 1730 Hertz

165 1741 303 1767 COIVIHI.
321 1743 341 1769 Q
360 1740 488 1767 CCIVIHI
503 1740 560 1768 ΖΨ
580 1739 719 1766 (ῸΙΝἸΠΙ
736 1746 764 1772 (ε,
781 1755 812 1758 —
830 1740 876 1771 IX)
890 1749 909 1774 y
