1291 1912
478 32 539 58 xm
559 35 591 58 25
612 34 665 66 (24)
1033 34 1074 64 93

66 116 186 153 totus,
223 113 286 153 qui
323 124 442 144 sermo
477 114 626 154 quidam
660 115 802 145 tacitus
836 115 972 146 mentis
1006 117 1075 155 est,

68 158 128 189 hic
156 159 193 189 in
219 158 386 189 fraudem
414 158 584 189 homines
608 159 777 199 impulit,
806 158 866 189 hie
890 170 965 194 eos,
995 160 1075 200 qui-

68 203 135 233 bus
156 205 235 233 erat
255 203 423 242 ignotus,
443 203 779 244 decepit,fefellit,
795 204 953 234 induxit.
993 204 1074 241 Quid
1086 213 1119 236 24

0 259 1 281 1
68 247 186 287 igitur?
232 246 342 278 Simile
371 247 429 278 est'
460 248 563 287 inquit
592 247 687 288 ‘apud
716 248 849 278 eundem
878 249 911 279 in
936 248 1074 289 ‘praeda’

40 294 98 323 eet
131 291 334 322 ‘manubiis⁷?
385 291 475 322 Nihil
504 292 647 332 profecto
676 293 856 323 istiusmodi
885 295 939 323 est.
991 292 1073 324 Nam
1087 303 1118 325 25

67 347 169 376 neque
194 337 335 367 ornatius
359 336 396 367 fit
419 336 534 367 additis
554 337 712 367 manubiis
732 348 833 377 neque
854 338 1075 379 exaggeratius

68 380 313 420 modulatiusve3
346 380 399 411 sed
432 381 518 411 aliud
552 381 680 412 omnino
714 381 852 422 ‘praeda’
887 384 946 421 est,
980 384 1015 413 ut
1042 382 1076 413 in

67 425 178 455 libris
203 436 325 455 rerum
350 425 627 465 verborumque
651 428 819 456 veterum
845 426 997 467 scriptum
1019 429 1075 467 est,

67 469 152 500 aliud
186 469 387 500 ‘manubiae-Z
438 469 521 500 Nam
555 470 669 510 praeda
701 470 818 501 dicitur
846 481 978 511 corpora
1007 472 1075 512 ipsa
1086 481 1119 503 -26

28 527 52 545 10
67 525 181 553 rerum,
205 525 285 554 quae
305 516 397 554 capta
417 516 498 553 sunt,
523 514 690 545 manubiae
710 525 783 545 vero
804 516 981 555 appellatae
1002 518 1076 546 sunt

68 559 200 598 pecunia
237 569 255 588 a
291 561 457 598 quaestore
490 570 527 589 ex
560 559 741 590 venditione
774 560 908 600 praedae
941 560 1075 591 redacta.

67 602 246 642 Vtrumque
271 613 345 644 ergo
371 603 450 634 dixit
472 603 512 634 M.
533 603 683 634 Tullius
708 604 915 635 cumulandae
940 604 1076 635 invidiae
1087 614 1119 636 -37

66 647 169 687 gratia
198 647 391 678 decemviros
421 648 582 678 ablaturos
607 650 905 689 persecuturosque:
934 652 965 679 et
989 660 1075 690 prae-

67 691 148 731 dam,
172 702 251 731 quae
272 692 412 722 nondum
433 694 515 723 esset
534 693 722 733 venundata,
746 695 777 723 et
798 693 973 734 pecuniam,
996 704 1076 734 quae

27 748 51 767 15
67 747 105 766 ex
130 736 312 767 venditione
336 737 469 777 praedae
495 739 643 777 percepta
667 739 756 768 esset.

132 779 243 820 Itaque
263 780 340 811 haee
360 781 535 821 inscriptio,
555 792 648 822 quam
665 782 790 813 videtis:
811 793 854 813 ex
873 782 1119 822 manubiis,·23

66 835 131 855 non
159 836 206 855 res
237 835 432 866 corporaque
460 826 528 866 ipsa
554 826 686 866 praedae
710 827 906 858 demonstrat
930 846 971 849 —
996 827 1076 858 nihil

67 869 151 900 enim
176 871 304 910 captum
329 872 376 901 est
396 869 509 900 horum
531 882 548 901 a
568 870 703 901 Traiano
723 882 762 901 ex
781 871 927 902 hostibus
950 890 998 911 —,
1022 872 1076 902 sed

66 914 150 944 facta
177 925 243 944 esse
267 914 345 945 haee
370 917 604 955 conparataque
629 915 679 946 ‘ex
702 916 882 956 manubiis',
910 916 942 947 id
967 918 1014 947 est
1038 928 1075 947 ex

27 971 52 989 20
67 959 200 998 pecunia
234 959 438 999 praedatieia,
474 960 619 990 declarat.
674 959 842 991 Manubiae
876 961 959 991 enim
994 963 1076 1001 sunt,
1087 970 1119 992 29

67 1003 160 1033 sicuti
184 1003 246 1033 iam
272 1003 351 1043 dixi,
374 1014 439 1034 non
464 1004 592 1044 praeda,
616 1004 670 1035 sed
694 1005 827 1045 pecunia
852 1016 908 1045 per
931 1008 1076 1045 quaesto-

66 1058 131 1078 rem
152 1048 263 1087 populi
279 1047 416 1078 Romani
436 1060 472 1079 ex
493 1049 608 1089 praeda
627 1049 754 1080 vendita
775 1052 944 1081 contracta.
984 1049 1075 1086 Quod
1088 1059 1120 1082 30

67 1091 136 1132 ‘per
168 1092 379 1131 quaestorem*
413 1095 519 1123 autem
553 1093 631 1133 dixi,
664 1094 806 1135 intellegi
837 1105 921 1125 nunc
950 1096 1076 1134 oportet

67 1136 261 1176 praefectum
299 1137 420 1167 aerario
455 1137 634 1178 significari.
690 1137 772 1168 Nam
806 1149 880 1169 cura
913 1139 1026 1169 aerarii
1059 1150 1076 1170 a

28 1193 52 1212 25
68 1181 287 1220 quaestoribus
321 1181 360 1212 ad
391 1182 567 1222 praefectos
595 1183 748 1213 translata
777 1185 831 1213 est.
883 1182 942 1214 Est
969 1185 1076 1214 tamen
1088 1192 1118 1215 31

68 1235 289 1265 nonnusquam
314 1226 454 1257 invenire
478 1227 522 1257 ita
547 1227 708 1267 scripsisse
731 1227 884 1267 quosdam
904 1238 968 1258 non
988 1228 1076 1269 igno-

70 1268 147 1299 biles
172 1270 350 1310 seriptores,
374 1273 409 1301 ut
433 1273 488 1301 aut
512 1273 629 1302 temere
651 1274 706 1302 aut
725 1271 883 1302 incuriose
903 1272 1075 1313 ‘praedam’

68 1323 126 1353 pro
160 1313 340 1345 ‘manubiis'
374 1317 405 1345 et
438 1315 627 1346 ‘manubias'
656 1326 713 1356 pro
744 1316 882 1356 ‘praeda'
912 1317 1077 1357 posuerint

68 1359 123 1388 aut
151 1358 273 1399 tropica
301 1359 437 1399 quadam
467 1360 568 1400 figura
592 1361 801 1391 mutationem
826 1361 973 1391 vocabuli
996 1361 1076 1392 feee-

28 1415 53 1434 30
69 1402 145 1441 rint,
183 1403 267 1443 quod
304 1403 406 1434 facere
440 1415 624 1435 concessum
657 1407 705 1435 est
738 1405 814 1435 scite
848 1405 879 1435 id
912 1406 1075 1446 periteque

140 1532 154 1555 9
166 1539 224 1563 sqq.
246 1530 314 1556 Non.
330 1530 355 1556 V
372 1540 396 1564 p⁴
413 1534 472 1563 432,
489 1534 521 1557 ‘26
542 1531 583 1557 Gl.
600 1531 680 1558 Reiff.
697 1534 729 1557 33
750 1531 816 1558 CGL
832 1532 869 1558 VI
884 1534 934 1557 679

140 1653 154 1675 *2
174 1650 271 1676 fraude
292 1651 314 1676 δ
327 1652 336 1684 ΙΙ
351 1653 365 1676 5
386 1652 427 1677 est
446 1660 495 1677 om.
511 1660 530 1685 γ
544 1652 552 1684 ΙΙ
568 1654 582 1676 6
602 1653 715 1678 ornat-us
730 1661 749 1686 γ
762 1654 770 1686 ΙΙ
788 1655 818 1678 10
839 1652 982 1686 appellata
997 1654 1053 1682 Q¹z
1068 1654 1076 1687 ll

71 1688 101 1710 13
130 1687 376 1719 persecutoresque
404 1687 426 1712 δ
449 1688 458 1720 Η
483 1690 514 1712 15
543 1689 692 1721 praecepta
721 1689 743 1714 δ
765 1690 774 1722 ΙΙ
798 1691 831 1713 20
859 1689 1006 1722 predantia
1032 1690 1076 1722 δη

70 1723 101 1746 22
122 1720 213 1756 Quod]
234 1722 282 1748 sed
297 1722 319 1748 d
333 1723 341 1755 Η
356 1724 389 1747 28
409 1723 589 1756 apposuerint
605 1724 638 1748 Π
