1266 1902
122 75 164 105 30
559 74 607 99 ΧΠ
628 78 655 106 1;
676 78 690 100 2

122 168 182 196 que
210 156 493 196 inpatientissimae
517 155 740 186 sollicitudinis
764 156 914 196 strepitus
939 157 1127 196 consilescit,

87 238 90 241 .
121 211 223 241 neque
252 201 353 231 multo
382 200 486 230 minor
513 200 672 230 amendati
700 199 739 230 ad
767 201 923 231 nutricem
949 201 1043 231 aliam
1068 201 1125 232 filii

77 252 109 275 23
121 256 216 284 quam
246 247 347 275 morte
375 244 482 274 amissi
512 243 670 274 obliviost.
716 243 819 284 Ipsius
846 255 972 285 quoque
995 245 1125 276 infantis

121 289 256 319 adfectio
281 289 391 325 animi,
418 288 544 327 amoris,
568 288 804 319 consuetudinis
828 288 862 318 in
886 300 921 319 ea
945 290 1020 329 sola,
1043 290 1126 320 unde

120 333 224 372 alitur,
249 334 421 373 occupatur
445 334 476 362 et
499 332 640 372 proinde,
663 334 699 362 ut
722 333 755 363 in
779 333 930 372 expositis
952 344 1011 364 usu
1031 334 1125 373 venit,
1153 345 1165 364 5

120 377 229 408 matris
236 401 244 416 7
271 388 350 417 quae
375 377 498 417 genuit,
520 387 623 417 neque
647 387 772 407 sensum
797 377 898 407 ullum
922 388 1024 417 neque
1048 378 1124 408 desi-

120 422 240 452 derium
279 421 371 461 capit.
427 419 475 451 Ac
512 423 679 461 propterea
712 420 902 452 oblitteratis
935 424 966 452 et
997 422 1125 453 abolitis

120 466 245 496 nativae
274 465 401 505 pietatis
430 465 607 504 elementis,
636 465 787 505 quicquid
814 465 859 496 ita
887 466 1010 496 educati
1033 466 1125 497 liberi

120 521 224 540 amare
258 511 379 550 patrem
408 511 503 549 atque
531 511 663 539 matrem
692 510 851 547 videntur,
884 521 1032 551 magnam
1060 510 1125 541 fere

120 556 242 594 partem
267 564 331 584 non
355 553 507 584 naturalis
532 553 585 584 ille
609 564 698 584 amor
721 555 776 593 est,
801 554 854 584 sed
879 555 979 585 civilis
1004 557 1035 585 et
1059 554 1124 595 opi·
1140 566 1164 585 ιο

120 598 255 628 nabilis?

75 650 107 672 ‘24
186 642 273 672 Haec
292 641 518 672 Favorinum
539 642 694 672 dicentem
715 642 820 672 audivi
836 641 954 673 Graeca
975 643 1123 673 oratione.

119 685 215 717 Cuius
245 686 416 717 sententias
446 686 622 716 communis
651 686 797 716 utilitatis
827 687 940 727 gratia,
970 689 1123 727 quantum

118 731 299 761 meminisse
330 731 434 771 potui,
465 730 588 766 rettuli,
621 730 827 761 amoenitates
855 742 929 761 vero
958 734 989 761 et
1017 731 1123 771 copias

118 775 341 815 ubertatesque
383 774 551 805 verborum
590 774 703 805 Latina
745 775 846 805 omnis
888 775 1034 806 facundia
1071 776 1123 806 vix
1139 787 1162 806 15

119 820 253 859 quadam
288 819 434 858 indipisci
466 818 619 858 potuerit,
652 830 720 849 mea
748 819 886 849 tenuitas
914 830 1122 860 nequaquam.

607 906 636 937 Π

119 967 196 999 Quod
222 968 350 993 Annaeus
371 967 475 993 Seneca
499 968 625 993 iudicans
650 968 683 993 de
704 967 733 998 Q.
754 967 843 993 Ennio
867 968 956 1001 deque
976 968 1010 994 M.
1032 968 1122 994 Tullio

153 1003 206 1029 levi
226 1003 370 1035 futtilique
390 1003 494 1028 iudicio
514 1003 574 1028 fuit.

93 1076 104 1097 1
183 1066 231 1097 De
268 1065 421 1097 Annaeo
460 1065 600 1097 Seneca
642 1066 756 1106 partim
795 1066 977 1097 existimant
1012 1069 1048 1097 ut
1085 1068 1122 1098 de
1137 1078 1162 1096 20

118 1111 270 1151 scriptore
299 1111 429 1141 minime
456 1111 542 1149 utili,
570 1111 659 1141 cuius
687 1110 785 1141 libros
813 1111 974 1152 adtingere
998 1111 1120 1141 nullum

116 1155 253 1195 pretium
279 1166 391 1195 operae
415 1155 464 1193 sit,
489 1155 574 1194 quod
598 1155 698 1185 oratio
723 1155 789 1185 eius
814 1154 956 1196 vulgaria
979 1155 1122 1186 videatur

117 1201 148 1229 et
176 1199 322 1239 protrita,
353 1210 401 1229 res
429 1201 524 1238 atque
553 1200 725 1229 sententiae
754 1201 809 1229 aut
837 1199 944 1239 inepto
971 1199 1121 1239 inanique

118 1244 238 1283 impetu
267 1244 331 1273 sint
358 1245 413 1273 aut
440 1243 502 1273 levi
529 1245 559 1273 et
584 1243 673 1283 quasi
698 1243 797 1273 dicaci
820 1244 957 1284 argutia,
985 1244 1120 1274 eruditio

116 1290 221 1318 autem
242 1288 409 1318 vernacula
429 1290 460 1318 et
479 1286 603 1327 plebeia
622 1287 765 1327 nihilque
784 1299 822 1318 ex
838 1289 979 1318 veterum
995 1288 1120 1328 scriptis
1135 1298 1159 1317 25

117 1332 236 1362 habens
277 1342 380 1371 neque
417 1332 536 1372 gratiae
574 1342 676 1371 neque
713 1332 884 1373 dignitatis.
945 1332 1008 1362 Alii
1046 1342 1119 1362 vero

117 1376 291 1417 elegantiae
324 1376 450 1415 quidem
483 1376 515 1406 in
543 1376 647 1406 verbis
676 1387 786 1416 parum
815 1386 882 1406 esse
910 1386 975 1406 non
1002 1376 1119 1406 infitias

187 1482 219 1504 ⁸20
231 1488 288 1512 sqq.
309 1480 410 1505 Fronto
427 1489 452 1513 p.
471 1483 519 1505 155
531 1489 583 1513 sqq
605 1483 653 1505 224
665 1479 697 1505 N.
825 1482 857 1504 26
869 1489 926 1513 sqq.
948 1480 1039 1510 Quint.
1056 1480 1079 1505 X
1097 1484 1118 1513 1,

118 1518 166 1540 128
178 1523 234 1547 sqq.

187 1615 201 1636 ⁸2
235 1612 393 1637 amendatio
422 1612 453 1637 0ι
487 1612 672 1637 commendati
700 1615 723 1636 X
757 1620 773 1637 a
801 1612 985 1637 commendati
1015 1611 1119 1645 QZB²11

115 1650 130 1672 4
147 1647 246 1672 amoris
262 1647 461 1673 consuetudine
478 1648 599 1673 Eussner
613 1650 621 1679 Η
638 1650 668 1672 10
686 1647 788 1672 iciuilis
803 1649 820 1671 Z
838 1650 840 1679 Ι
858 1647 1037 1680 inopinabilis
1054 1649 1095 1675 Qz
1110 1649 1118 1680 ΙΙ

117 1684 147 1707 16
168 1682 304 1715 quaedam
325 1693 344 1707 ω
364 1691 430 1708 corr.
452 1683 574 1708 Eussner
597 1682 709 1715 quidem
729 1684 813 1715 61122
833 1682 975 1716 uulgarias
993 1684 1035 1707 ΒΖ
1057 1682 1116 1708 11111-

114 1718 188 1750 garis
210 1728 229 1742 ω
253 1726 318 1743 corr.
339 1718 407 1744 JGr.
430 1719 438 1750 ΙΙ
460 1720 491 1743 23
516 1719 657 1750 protracta
681 1719 718 1750 (ct
741 1726 773 1743 ea:
796 1719 817 1750 t)
838 1720 857 1746 Q
878 1720 886 1751 ΙΙ
908 1721 940 1743 24
965 1719 1012 1743 aut
1032 1726 1046 1743 σ
1070 1719 1117 1743 aut

114 1753 146 1777 ut
165 1763 184 1777 ω
203 1755 204 1783 1
223 1762 247 1785 q.
269 1753 371 1778 dicacis
386 1756 409 1777 X
429 1753 591 1778 causidicali
613 1754 691 1787 Vogel
708 1755 710 1785 J
728 1753 835 1786 argutie
850 1755 893 1778 ΒΖ
