1266 1902
139 72 180 103 58
568 73 713 106 XHI3;4

140 153 364 194 Asellionis,
388 155 502 185 veteris
522 155 694 195 scriptoris,
719 157 891 195 quartum
916 167 958 187 ex
980 155 1143 186 historia

140 198 292 237 librum,
317 199 349 228 in
370 209 431 239 quo
452 199 488 229 de
504 198 536 229 P.
553 198 712 238 Africano,
730 198 821 230 Pauli
836 199 912 239 filio,
931 201 975 231 ita
990 200 1143 240 seriphum

141 244 188 273 est
209 244 260 279 (fr.
277 244 295 272 5
309 242 374 281 P.):
394 241 485 273 Nam
506 253 542 273 se
562 245 705 283 patrem
726 254 831 274 suum
851 244 1000 275 audisse
1020 244 1144 274 dicere

140 286 174 317 L.
190 285 392 317 Aemilium
413 286 569 317 Paulum
591 288 702 318 nimis
723 287 859 318 bonum
880 289 1143 329 imperatorem

141 331 262 372 signis
292 331 456 361 conlatis
484 341 558 362 non
586 331 792 371 decertare,
821 332 895 363 nisi
921 343 1061 363 summa
1085 342 1144 362 ne-

142 375 334 406 cessitudo
358 377 422 406 aut
445 386 586 406 summa
611 377 758 407 occasio
784 376 869 407 data
892 379 998 407 esset.

622 472 669 503 IV

451 533 596 566 Descripta
615 533 765 559 Alexandri
785 542 835 559 *ῆι*

118 605 130 626 1
208 595 246 626 In
274 596 433 636 plerisque
462 597 675 627 monumenhis
699 608 804 628 rerum
828 597 867 627 ab
891 596 1071 628 Alexandro
1097 607 1147 638 ge-

144 642 263 671 starum
297 642 327 671 et
359 641 455 680 paulo
488 643 561 672 ante
593 642 626 672 in
658 641 757 672 libro
790 640 831 671 Μ.
861 641 1056 680 Varronis,
1094 641 1148 681 qui

143 684 314 724 inscriptus
349 686 395 715 est
424 684 575 716 Orestes
608 686 667 716 vel
699 686 740 716 de
771 685 918 716 insania
948 691 989 725 (p.
1008 687 1070 716 255
1085 685 1148 725 R),

144 727 365 769 Olympiadem
395 728 537 770 Philippi
565 740 695 760 uxorem
723 730 924 760 festivissime
952 729 1149 770 rescripsisse

118 781 133 803 2
144 773 280 814 legimus
304 772 485 804 Alexandro
512 774 586 804 filio.
633 773 716 804 Nam
741 784 812 804 cum
837 774 862 804 is
887 774 925 804 ad
949 776 1080 804 mairem
1106 774 1149 804 ita

145 817 336 857 scripsisset:
352 816 428 848 Rex
443 817 782 857 Alexander,Iovis
793 817 1012 848 Hammonis
1026 818 1149 857 filius,

145 860 363 901 Olympiadi
393 862 503 892 matri
533 862 692 893 salutem
722 862 828 896 dicit
857 861 1021 902 Olympias
1050 863 1078 892 ei
1104 872 1150 892 re-

145 906 273 946 scripsit
296 906 335 936 ad
360 905 440 936 hanc
465 907 666 937 sententiam:
695 899 850 946 Amabo,
877 907 980 946 inquit
1004 907 1052 936 mi
1075 906 1091 936 f
1094 906 1137 936 111
1143 930 1150 945 ,

146 950 319 990 quiescas
361 961 480 990 neque
520 951 666 981 deferas
704 962 757 981 me
794 961 913 991 neque
950 951 1150 981 criminere

145 994 342 1024 adversum
372 993 566 1034 Iunonem3
600 995 735 1025 malum
770 994 861 1025 mihi
896 1006 1050 1035 prorsus
1084 994 1151 1025 illa

145 1049 320 1079 magnum
350 1038 468 1078 dabit,
496 1020 576 1069 cum
605 1041 645 1069 tu
674 1050 728 1069 me
755 1039 900 1070 litteris
929 1039 1005 1069 tuis
1034 1038 1151 1079 paeli-

122 1091 137 1113 3
149 1092 225 1112 cem
255 1093 335 1113 esse
361 1083 421 1113 illi
446 1083 655 1114 confiteris.
702 1082 748 1114 Ea
772 1083 913 1113 mulieris
937 1083 1034 1114 scitae
1057 1085 1152 1122 atque

147 1127 311 1166 prudentis
331 1138 405 1168 erga
424 1127 561 1158 ferocem
577 1128 679 1158 filium
695 1128 827 1158 comitas
843 1128 959 1158 sensim
974 1129 1005 1157 et
1020 1127 1153 1157 comiter

146 1171 348 1201 admonuisse
376 1182 447 1202 eum
475 1172 541 1202 visa
566 1174 613 1202 est
636 1172 854 1212 deponendam
878 1182 944 1202 esse
970 1171 1152 1211 opinionem

146 1226 273 1254 vanam,
307 1225 401 1255 quam
434 1216 488 1246 ille
516 1216 698 1257 ingentibus
728 1216 868 1246 victoriis
897 1218 927 1246 et
956 1215 1152 1246 adulantium

148 1259 371 1290 blandimentis
397 1261 427 1290 et
451 1260 544 1291 rebus
569 1271 664 1300 supra
687 1260 781 1290 fidem
806 1259 964 1300 prosperis
986 1259 1153 1298 inbiberat,

148 1303 290 1344 genitum
315 1314 381 1334 esse
406 1315 473 1335 sese
498 1304 534 1334 de
559 1303 640 1335 Iove.

220 1419 234 1441 3
255 1416 301 1441 cfr.
318 1416 377 1442 Val.
395 1416 465 1442 Max⁴
483 1417 532 1442 VH
548 1420 570 1449 2,
587 1420 601 1442 -2
622 1417 739 1450 Appian.
757 1417 848 1442 Hiber.
866 1419 898 1442 87
918 1416 1014 1450 Vegeti
1030 1416 1067 1442 ΙΠ
1082 1420 1115 1442 26

220 1526 235 1547 2
260 1531 314 1555 qua
335 1524 357 1548 δ
380 1524 388 1556 ΙΙ
412 1525 426 1548 4
452 1523 478 1548 Lv
500 1523 530 1548 A.
552 1523 579 1548 P.
602 1524 716 1557 ylossam
732 1526 801 1556 puto
820 1523 897 1548 etiarm
917 1526 1027 1555 propter
1046 1523 1131 1548 locum
1149 1522 1151 1555 Ι

149 1566 204 1582 non
219 1559 314 1583 omisso
325 1559 376 1583 ‘'z-d.
390 1567 409 1584 v.
421 1561 482 1591 seq.)
498 1558 636 1584 neminem
649 1560 695 1585 Gr.
711 1566 861 1590 numquam
873 1558 946 1584 Lien]
961 1557 1074 1583 minime
1086 1566 1132 1591 09⁰
1146 1558 1155 1590 11

150 1596 165 1617 5
186 1600 238 1617 non
254 1602 337 1626 supra
355 1594 440 1626 signis
455 1602 488 1619 ss.
505 1594 538 1622 ΕΞ
553 1602 601 1619 om.
619 1604 638 1618 ω
656 1594 658 1627 Ι
677 1601 782 1618 summa
798 1593 823 1619 ei
839 1594 860 1618 ό
875 1595 883 1626 Η
898 1596 912 1618 >3
928 1593 969 1619 vd.
981 1593 1051 1625 adp.
1065 1595 1106 1623 57,
1117 1595 1133 1618 3
1147 1594 1155 1625 ΙΙ

153 1631 183 1652 13
203 1628 245 1653 his
267 1629 299 1656 (2¹
323 1628 365 1653 his
386 1630 413 1654 et
432 1631 455 1653 X
479 1629 545 1654 isset
566 1631 606 1662 011
623 1632 653 1654 14
674 1629 859 1661 rescripsisset
879 1639 899 1654 ω
914 1630 922 1661 Η
939 1631 969 1653 16
991 1627 1026 1653 ad
1045 1636 1093 1653 om.
1114 1629 1154 1661 Qu

153 1666 183 1688 18
204 1672 328 1696 prorsum
344 1666 385 1697 Ζγ

1164 654 1188 673 10

1166 874 1190 894 15

1167 1095 1192 1114 20

1230 1559 1232 1595 ι

1227 1670 1230 1733 5
