1266 1902
182 56 247 87 264
609 56 671 82 XIX
690 60 718 89 43
739 61 754 83 5

157 140 214 169 Get
246 138 364 169 incitat.
415 137 463 168 De
496 138 586 168 urina
615 138 737 169 celebra
765 149 803 168 ex
832 138 899 179 igni
926 138 1071 178 proximo
1099 137 1182 168 facta

182 182 277 213 verba
295 182 373 212 haec
392 182 511 222 posuit:
541 182 586 213 Τὸ
612 180 651 212 δὲ
674 186 748 222 πῦρ
774 182 938 224 διαχαλᾷ
956 183 996 213 τὸ
1015 182 1182 222 πεπηγὸς

183 226 306 266 &rm-99
332 226 439 265 ἥλιος
463 226 531 266 τὴν
555 227 674 266 χιόνα.

671 305 699 335 V

183 365 244 399 <Ex
260 365 418 391 Aristotelis
437 365 515 391 libris
536 367 685 399 sumptum,
705 365 778 399 quod
797 365 868 391 nivis
883 373 955 398 aqua
969 365 1047 398 potui
1064 365 1183 399 pessima

218 401 266 432 eit3
287 403 315 427 et
334 401 407 434 quod
427 409 459 426 ex
479 401 541 427 nive
561 401 707 434 crystallus
727 401 918 435 concreatur.)

158 473 170 495 1
249 463 285 495 In
305 464 435 495 Tiburte
460 476 512 495 rus
537 475 789 496 concesseramus
808 464 946 495 hominis
965 464 1058 495 amici
1079 464 1183 495 divitis

183 510 301 540 aestate
325 509 398 539 anni
423 509 667 550 flagrantissima
689 520 747 550 ego
767 511 798 539 et
818 508 945 550 quidam
965 508 1019 539 alii
1038 509 1182 548 aequales

183 556 214 584 et
241 553 412 584 familiares
440 553 514 592 mei,
543 553 741 593 eloquentiae
765 555 819 584 aut
843 552 1064 593 philosophiae
1089 555 1183 583 secta-

157 601 274 628 2tores.
318 597 395 628 Erat
418 598 584 628 nobiseum
608 598 657 628 vir
680 597 781 627 bonus
806 608 843 628 ex
868 597 1073 637 peripatetica
1095 596 1183 627 disci-

184 642 270 681 plina
294 642 371 672 bene
392 642 502 672 doctus
522 644 554 672 et
572 641 796 672 Aristotelis
816 642 907 671 unice
927 641 1183 672 studiosissimus.

158 685 214 716 3Is
234 696 291 716 nos
311 697 425 726 aquam
445 687 578 716 multam
599 698 636 717 ex
657 686 756 716 diluta
774 686 846 716 nive
865 685 1002 715 bibentis
1022 685 1185 716 coercebat

184 731 384 770 severiusque
413 730 603 770 increpabat.
652 729 834 760 Adhibebat
861 729 953 760 nobis
982 729 1184 760 auctoritates

184 774 339 805 nobilium
363 775 557 805 medicorum
581 777 612 805 et
636 774 818 814 cumprimis
837 773 1062 804 Aristotelis
1084 773 1184 814 philo-

184 818 289 859 sophi,
318 819 361 849 rei
392 819 493 849 omnis
520 818 675 849 humanae
699 818 895 859 peritissimi,
924 818 978 857 qui
1002 828 1115 857 aquam
1139 817 1185 847 ni-

184 864 285 893 valem
318 863 463 904 frugibus
497 874 570 893 sane
603 865 634 893 et
666 862 831 893 arboribus
864 862 1030 892 fecundam
1061 861 1185 901 diceret,

184 907 237 937 sed
266 907 448 938 hominibus
478 908 555 947 potu
584 907 682 937 nimio
711 907 902 937 insalubrem
927 917 992 937 esse
1017 906 1184 945 tabemque

184 954 215 982 et
247 951 374 982 morbos
408 952 522 982 sensim
556 954 650 991 atque
683 952 715 982 in
746 951 827 981 diem
856 951 985 991 longam
1014 950 1184 980 visceribus

157 996 380 1026 4inseminare.
432 995 518 1026 Haec
551 996 677 1035 quidem
710 996 763 1026 ille
796 995 834 1025 ad
867 1006 924 1025 nos
958 994 1127 1034 prudenter
1155 996 1185 1024 et

184 1040 330 1071 benivole
367 1042 398 1070 et
435 1040 563 1070 adsidue
601 1040 772 1071 dictitabat.
830 1038 891 1069 Sed
928 1050 999 1070 cum
1032 1038 1185 1069 bibendae

184 1085 265 1115 nivis
294 1095 390 1124 pausa
414 1084 503 1114 fieret
526 1084 626 1123 nulla,
656 1084 772 1124 promit
796 1095 811 1114 e
836 1083 1027 1114 bibliotheca
1053 1082 1186 1122 Tiburti,

184 1140 264 1169 quae
288 1131 363 1159 tunc
387 1129 419 1159 in
439 1128 585 1158 Herculis
610 1129 729 1168 templo
754 1128 828 1158 satis
849 1127 1013 1158 commode
1033 1127 1185 1157 instructa

184 1174 273 1204 libris
298 1175 372 1212 erat,
396 1172 621 1203 Aristotelis
645 1172 760 1202 librum
785 1183 919 1212 eumque
943 1172 981 1202 ad
1006 1181 1063 1202 nos
1084 1170 1186 1201 adfert

184 1220 227 1248 et:
253 1217 357 1247 ‘huius
383 1217 504 1247 saltem’
529 1217 633 1256 inquit
658 1217 891 1256 ‘sapientissimi
916 1216 975 1246 viri
999 1215 1103 1246 verbis
1123 1225 1186 1245 cre-

185 1263 248 1292 dite
272 1272 307 1292 ac
332 1262 463 1291 desinite
487 1260 693 1291 valitudinem
718 1263 852 1291 vestram
878 1260 1065 1301 profiigare’.

159 1313 173 1335 5
250 1305 287 1336 In
311 1316 347 1336 eo
371 1306 453 1336 libro
473 1306 526 1344 (fr.
541 1307 604 1336 :214
623 1304 701 1337 VR.)
725 1305 877 1344 scriptum
902 1304 962 1334 fuit
986 1303 1185 1335 deterrimam

185 1361 252 1380 esse
285 1352 363 1390 potu
396 1360 509 1389 aquam
543 1360 559 1380 e
590 1349 662 1379 nive
696 1349 834 1388 itemque
867 1349 997 1379 solidius
1028 1347 1185 1387 latiusque

185 1396 363 1425 concretam
392 1405 458 1424 esse
487 1404 568 1427 eam,
597 1404 691 1433 quam
720 1393 923 1432 κρύσταλλον
948 1392 1055 1423 Graeci
1080 1392 1185 1433 appel-

257 1485 287 1506 12
300 1490 357 1514 sqq.
379 1481 460 1505 Mser
478 1480 527 1505 VH
544 1483 583 1511 12.
599 1483 631 1504 *24
643 1488 700 1511 sqq.

257 1564 268 1585 1
297 1561 437 1586 caelebrat
459 1562 482 1584 X
511 1559 606 1585 erebra
629 1561 674 1583 TY
704 1558 804 1584 celebri
829 1559 913 1585 Hertz
940 1558 1036 1584 urinae
1060 1557 1186 1584 elecebra

186 1596 265 1623 tillec.
290 1596 378 1628 Oisel.)
397 1596 510 1622 Salmas.
526 1596 534 1628 Η
549 1597 563 1619 ‘2
586 1594 636 1619 hoc
656 1594 750 1627 posuit
767 1597 791 1618 X
815 1594 941 1627 exposuit
960 1595 982 1619 d*
999 1594 1001 1627 Ι
1018 1603 1079 1619 ’πω-ι4
1102 1593 1130 1619 ἐν
1149 1595 1185 1626 τῷ

185 1632 287 1664 σώματι
303 1632 386 1657 Arist.
403 1632 411 1663 ΙΙ
426 1633 441 1655 3
462 1630 567 1655 ΗΔΙΟΕ
586 1632 609 1654 Ν
631 1629 752 1654 ΕΡὰΙΟΟ
767 1631 783 1653 Z
799 1630 807 1662 Η
823 1632 836 1654 7
856 1637 918 1655 rure
934 1631 953 1657 Q
972 1630 1016 1654 tur
1030 1631 1047 1653 Z
1062 1630 1070 1661 ΙΙ
1086 1631 1117 1653 13
1138 1628 1185 1654 ad-

185 1667 354 1699 hibebatque
370 1668 389 1694 Q
404 1668 412 1699 ΙΙ
429 1668 458 1691 17
475 1665 557 1690 nimis
572 1666 618 1689 ΤΥ
633 1665 641 1697 ΙΙ
656 1667 688 1690 25
703 1666 825 1690 nostram
841 1665 863 1690 δ’
876 1666 884 1697 Η
900 1667 931 1690 27
948 1664 1086 1696 altiusque
1102 1664 1185 1689 Hertz

186 1702 327 1734 artiusque
348 1701 423 1735 ΔΜᾶρ.
440 1703 448 1734 Η
464 1704 495 1726 ‘28
520 1700 659 1726 decretam
678 1701 700 1726 δ
724 1701 897 1725 concreatam
917 1699 1090 1726 Hildebrrmd
1107 1700 1109 1733 Ι
1127 1706 1186 1724 esse

185 1739 232 1763 del.
251 1738 329 1771 Voyel
