1291 1912
528 64 578 91 XV
598 67 626 97 ῖς
645 67 661 90 8
1038 63 1099 94 135

89 149 203 180 teritus
231 150 286 179 aut
314 148 412 178 animi
440 146 655 188 aegritudinis.
702 145 888 186 Propterea,
917 146 971 185 qui
994 152 1127 176 rerum2

90 193 324 232 verborumque
353 192 533 223 istiusmodi
562 191 667 222 studio
696 192 858 230 tenentur,
886 201 958 221 eum
987 189 1100 220 aetatis

90 249 206 269 annum
233 238 397 278 appellant
420 236 681 276 κλιμακτηρικόν.

156 281 261 313 Nocte
281 292 406 322 quoque
427 281 487 312 ista
507 281 652 321 proxima
671 279 843 320 superiore,
868 290 939 309 eum
959 278 1099 309 librum
1112 286 1126 309 3

64 327 343 368 sepistularum
377 325 455 356 divi
484 324 662 366 Augusti,
695 335 773 364 quas
807 323 850 354 ad
880 322 1012 354 Gaium
1040 333 1101 353 ne-

90 373 216 412 potem
250 381 353 401 suum
387 370 527 410 scripsit,
560 370 736 411 legeremus
765 368 1013 408 duceremurque
1042 367 1102 398 ele-

91 416 199 457 gantia
224 415 376 446 orationis
401 425 503 454 neque
528 424 653 445 morosa
676 423 779 453 neque
803 413 910 451 anxia,
936 412 990 443 sed
1013 411 1101 442 facili

91 460 196 491 hercle
220 462 251 490 et
275 459 423 500 simplici,
447 459 479 489 id
504 459 609 499 ipsum
633 458 666 489 in
690 458 825 498 quadam
851 457 988 497 epistula
1008 467 1102 496 super

91 505 201 535 eodem
237 514 320 535 anno
354 504 508 543 scriptum
543 502 745 541 offendimus3
783 502 914 542 eiusque
947 501 1102 541 epistulae

51 562 76 581 ιο
91 549 273 589 exemplum
298 548 358 578 hoe
382 550 430 579 est
455 556 496 587 (p.
513 550 580 579 155.
595 550 636 578 18
652 547 728 587 W.):

135 601 188 633 IX.
215 601 294 632 Kal.
319 600 507 633 Octobris.

90 655 180 695 Ave,
205 655 254 686 mi
275 654 355 693 Gai,
374 665 476 685 meus
496 654 640 685 asellus
660 653 973 692 iucundissimus,
994 663 1101 693 quem

91 711 238 740 semper
260 699 404 730 medius
429 699 547 729 fidius
572 698 759 738 desidero,
784 708 864 729 oum
889 708 906 728 a
931 708 985 728 me
1005 696 1101 728 abes.

91 743 155 775 Set
174 744 381 785 praecipue
401 743 534 774 diebus
555 743 712 783 talibus,
732 741 856 783 qualis
877 744 933 773 est
952 741 1102 772 hodier-

52 800 173 828 1511118,
203 789 304 819 oculi
334 788 404 819 mei
433 789 636 828 requirunt
664 798 782 818 meum
807 785 952 826 Gaium,
981 797 1103 827 quem,

91 833 321 873 ubicumque
345 832 414 863 hoc.
437 833 495 863 die
515 833 640 871 fuisti,
664 842 773 873 spero
792 832 934 862 laetum
955 833 990 861 et
1010 830 1102 861 bene

91 878 281 908 valentem
312 877 527 908 celebrasse
556 879 731 917 quartum
761 878 797 907 et
825 875 1102 917 sexagesimum

91 922 256 953 natalem
296 933 424 953 meum.
485 920 591 959 Nam,
631 923 671 952 ut
708 920 825 961 vides,
863 922 1102 960 κλιμακτῆρα

92 977 324 997 communem
351 966 543 997 seniorum
569 966 732 996 omnium
757 965 913 996 tertium
939 966 974 995 et
998 975 1102 995 sexa-

51 1024 76 1043 10
91 1011 275 1053 gesimum
308 1022 443 1042 annum
478 1011 680 1041 evasimus.
734 1009 832 1040 Deos
866 1011 991 1040 autem
1025 1019 1103 1048 oro,

90 1057 144 1095 ut,
182 1055 274 1086 mihi
313 1058 660 1096 quantumcumque
697 1056 872 1095 superest
904 1053 1103 1094 temporis,

91 1100 127 1130 id
161 1100 277 1130 salvis
311 1100 421 1130 nobis
454 1100 654 1130 traducere
687 1099 803 1130 liceat
834 1099 871 1129 in
900 1100 1002 1129 statu
1031 1097 1102 1128 rei-

91 1144 268 1185 publicae
288 1144 517 1175 felieissimo
539 1143 902 1184 ἀνδραγαθούντων
920 1142 1026 1183 ὑμῶν
1041 1142 1102 1173 καὶ

92 1188 382 1230 διαδεχομένων
407 1189 613 1219 stationem
638 1199 762 1219 meam.

52 1281 77 1301 ss
561 1267 638 1298 VIII

92 1320 180 1346 Locus
200 1329 233 1346 ex
252 1320 377 1346 oratione
399 1320 516 1352 Favoni,
540 1320 640 1346 veteris
661 1320 790 1351 oratoris„
815 1319 849 1345 (18
869 1327 999 1345 cenarum
1020 1321 1103 1351 atque

126 1355 253 1382 luxmiae
278 1356 507 1390 obprobratione,
532 1364 588 1388 qua
611 1364 676 1381 usus
697 1357 750 1388 est,
775 1363 837 1381 eum
857 1355 948 1388 legem
968 1354 1104 1380 Liciniam

128 1392 162 1417 de
182 1393 294 1425 sumptu
314 1392 464 1418 minuendo
485 1392 581 1417 suasit.

160 1445 240 1477 Cum
272 1447 448 1488 legeremus
478 1447 654 1477 orationem
683 1448 821 1476 veterem
850 1445 1006 1485 Favoni,
1039 1454 1128 1476 110111

53 1503 78 1523 so
93 1491 235 1522 indiserti
265 1492 338 1531 viri,
369 1502 431 1532 qua
460 1492 603 1522 oratione
633 1503 684 1519 u*
713 1492 832 1529 totum,
860 1492 895 1521 ut
923 1489 1104 1520 meminisse

164 1577 179 1600 2
190 1583 230 1608 sq.
249 1574 287 1600 m
303 1577 344 1605 10,
359 1577 374 1600 9
395 1574 503 1600 Censor.
520 1574 581 1599 XIV
598 1576 630 1599 14

164 1654 179 1676 3
209 1651 320 1676 ΚΛΕΙΜ.
348 1652 402 1682 fere
431 1660 451 1675 ω
475 1652 483 1683 n
508 1653 538 1675 12
569 1649 684 1675 assellus
712 1650 772 1675 Hx
801 1648 903 1675 ocellus
928 1648 1084 1674 Beroaldus
1097 1648 1105 1682 11

94 1689 125 1712 21
141 1686 211 1712 mihi
221 1695 270 1712 om.
283 1687 305 1712 <5
319 1687 327 1717 11
343 1689 375 1711 22
391 1686 471 1711 uobis
485 1687 573 1711 non
585 1687 594 1719 11
609 1688 642 1711 26
653 1689 677 1711 et
687 1688 719 1710 29
731 1688 824 1717 et136,
836 1688 850 1710 3
867 1684 988 1710 t'auorini
1001 1695 1021 1710 ω
1037 1692 1104 1710 σοι-ν.

93 1730 116 1747 v.
136 1722 162 1748 d.
182 1723 258 1755 apud
276 1721 346 1748 JGr.
372 1722 471 1747 Fannii
491 1722 620 1748 Pithoeus
638 1722 646 1754 ΙΙ
666 1723 698 1746 27
719 1729 781 1746 cum
798 1729 847 1747 om.
864 1721 909 1754 (511
924 1722 956 1746 30
977 1720 1106 1746 lacunam

94 1758 218 1784 indicant
237 1758 323 1784 Hertz
342 1758 376 1783 al.

114 1804 129 1813 κ
