1266 1902
181 63 242 94 128
638 63 688 89 XV
707 66 722 88 2

151 145 284 176 estibat.
330 144 409 175 Erat
437 146 542 175 autem
571 145 664 175 nihili
692 144 787 175 homo
817 147 848 175 et
870 147 1008 186 nugator
1031 147 1125 185 atque
1149 144 1181 175 in

179 188 313 219 Graecae
337 189 502 219 facundiae
527 188 628 230 gloria
652 188 860 219 iactabundus
884 191 915 219 et
936 191 1097 230 praeterea
1116 189 1182 219 vini

152 233 309 265 3libidine
347 233 487 273 adusque
524 233 662 263 ludibria
694 233 843 263 ebriosus.
898 232 929 263 Is
961 233 995 263 in
1028 233 1181 264 conviviis

177 278 341 316 iuvenum,
374 288 454 317 quae
486 277 607 318 agitare
638 276 771 307 Athenis
804 277 1055 308 hebdomadibus
1088 277 1181 307 lunae

178 321 331 351 sollemne
362 321 454 351 nobis
482 321 557 360 fuit‚
590 321 780 361 simulatque
809 321 920 351 modus
949 322 1050 361 epulis
1079 322 1181 351 factus

178 368 209 395 et
250 365 343 395 utiles
387 365 650 405 delectabilesque
692 376 850 396 sermones
891 368 1071 405 coeperant,
1113 367 1182 395 tum

177 410 303 440 silentio
327 409 366 440 ad
390 410 580 440 audiendum
605 409 704 449 petito
728 410 816 449 loqui
840 410 1008 449 coeptabat
1031 412 1126 449 atque
1150 409 1182 439 id

177 464 277 494 genus
311 453 365 484 vili
397 456 427 484 et
456 454 617 484 incondita
645 453 812 484 verborum
842 456 966 484 caterva
994 453 1182 484 hortabatur

178 508 286 528 omnes
315 497 353 528 ad
382 498 554 528 bibendum
584 498 678 538 idque
706 509 739 528 se
766 498 868 528 facere
897 508 935 528 ex
964 498 1088 528 decreto
1113 497 1181 528 Pla-

176 542 283 572 tonico
308 542 519 582 praedicabat,
543 544 704 581 tamquam
724 541 833 572 Plato
858 542 890 572 in
914 541 1013 581 libris,
1038 552 1117 581 quos
1140 542 1181 572 de

176 586 326 626 legibus
374 586 566 626 composuit,
611 586 719 616 laudes
761 586 922 616 ebrietatis
965 586 1181 626 copiosissime

177 631 354 671 scripsisset
382 631 558 670 utilemque
586 641 653 661 esse
678 641 746 661 eam
771 630 862 661 bonis
887 640 922 660 ac
945 630 1081 660 fortibus
1105 629 1180 660 viris

177 675 363 714 censuissem
392 685 428 705 ac
457 674 552 705 simul
580 675 662 705 inter
686 674 839 705 eiusmodi
864 674 1038 705 orationem
1064 674 1180 704 crebris

176 721 207 749 et
249 719 431 760 ingentibus
474 719 596 759 poculis
634 718 795 760 ingenium
834 729 926 749 omne
964 718 1181 759 ingurgitabat

176 763 320 793 fomitem
350 774 417 793 esse
447 763 603 803 quendam
633 763 738 793 dicens
767 764 798 793 et
826 763 1035 793 incitabulum
1062 762 1181 803 ingenii

176 807 381 847 virtutisque,
411 808 436 837 si
461 818 549 837 mens
573 809 604 838 et
628 817 741 847 corpus
764 806 902 837 hominis
927 807 1001 837 vino
1025 807 1180 848 flagraret.

149 862 165 884 4
245 850 305 881 Sed
343 852 427 882 enim
465 851 574 881 Plato
612 852 645 881 in
681 851 801 891 primo
839 856 873 886 (l)
893 862 924 890 p.
950 851 1061 881 637A
1090 853 1129 882 14
1150 861 1180 890 2).

177 898 240 925 647
264 895 308 933 E)
346 898 377 926 et
415 895 579 926 secundo
617 898 651 930 (9
670 906 702 934 p.
727 897 787 925 666
806 895 836 925 A
866 897 906 926 12
924 906 957 934 p.
982 898 1042 926 671
1062 895 1107 931 B)
1140 895 1181 925 de

175 940 327 980 legibus
361 950 438 978 non,
471 942 507 970 ut
535 940 589 970 ille
617 939 732 970 nebulo
761 939 964 979 opinabatur,
997 939 1180 970 ebrietatem

175 984 269 1014 istam
299 984 531 1024 turpissimam,
560 994 640 1023 quae
668 983 841 1014 labefacere
870 986 901 1013 et
927 984 1102 1014 inminuere
1126 983 1180 1014 ho-

175 1028 296 1058 minum
317 1030 438 1058 mentes
457 1027 546 1067 solet,
566 1028 714 1067 laudavit,
734 1027 786 1058 sed
804 1027 885 1057 hanc
900 1028 1068 1068 largiorem
1085 1028 1180 1067 paulo

176 1072 456 1112 iucundioremque
480 1072 546 1102 vini
571 1072 798 1111 invitationem,
823 1083 903 1111 quae
927 1072 1016 1102 fieret
1036 1071 1093 1102 sub
1114 1072 1180 1112 qui-

176 1116 309 1146 busdam
335 1117 425 1156 quasi
445 1116 571 1147 arbitris
591 1118 622 1146 et
641 1116 800 1157 magistris
820 1116 1037 1146 conviviorum
1058 1115 1181 1155 sobriis,

149 1170 240 1192 5n0n
273 1160 461 1200 inprobavit.
518 1160 600 1191 Nam
634 1162 665 1191 et
697 1160 828 1190 modicis
861 1159 1065 1199 honestisque
1098 1160 1181 1190 inter

177 1204 348 1235 bibendum
377 1204 616 1235 remissionibus
646 1204 731 1235 refici
757 1204 971 1244 integrarique
996 1204 1117 1234 animos
1142 1203 1180 1234 ad

176 1248 379 1279 instauranda
421 1249 601 1279 sobrietatis
645 1248 749 1279 officia
791 1248 993 1278 existumavit
1030 1248 1180 1288 reddique

175 1303 228 1323 eos
258 1293 373 1323 sensim
402 1293 548 1323 laetiores
578 1295 672 1333 atque
700 1292 739 1322 ad
768 1292 959 1323 intentiones
983 1303 1107 1322 rursum
1132 1303 1180 1323 ca-

175 1337 305 1376 piendas
330 1337 398 1367 fieri
422 1336 602 1377 habiliores,
627 1339 657 1367 et
681 1337 784 1375 simul,
807 1336 833 1366 si
858 1336 912 1376 qui
932 1336 1058 1376 penitus
1079 1337 1111 1367 in
1129 1336 1178 1366 his

175 1381 388 1411 adfectionum
431 1381 704 1421 cupiditatumque
746 1390 866 1411 errores
908 1381 1058 1419 inessent,
1100 1391 1179 1420 quos

176 1425 274 1464 aliqui
298 1425 401 1465 pudor
424 1436 568 1455 reverens
593 1426 783 1464 concelaret7
811 1435 847 1455 ea
871 1425 977 1454 onmia
1001 1425 1067 1455 sine
1091 1425 1179 1465 gravi

176 1469 317 1508 periculo
347 1469 492 1500 libertate
521 1480 577 1509 per
604 1470 711 1499 vinum
741 1468 813 1499 data
837 1469 941 1509 detegi
966 1471 997 1499 et
1021 1468 1059 1498 ad
1084 1468 1178 1499 corri-

176 1514 313 1553 gendum
338 1513 590 1553 medendumque
614 1513 682 1544 fieri
706 1513 919 1553 oportunior-a.

246 1598 260 1620 9
273 1604 330 1627 sqq.
352 1595 435 1620 Macr.
452 1595 476 1620 Π
491 1598 514 1626 S,
531 1599 546 1620 4
557 1604 615 1627 sqq.
636 1595 741 1628 (Galen.
758 1595 795 1620 IV
811 1598 860 1620 803
872 1595 915 1627 K.)

248 1674 259 1696 1
277 1671 381 1704 autem]
398 1670 471 1695 enim
488 1672 546 1695 ΠΧ
563 1671 565 1703 l
583 1670 611 1695 in
626 1679 675 1696 om.
686 1673 710 1694 X
724 1671 732 1703 11
749 1673 779 1695 13
795 1670 854 1695 eius
870 1669 1087 1695 moderationem
1103 1670 1155 1694 ΠΖ
1170 1670 1179 1704 ΙΙ

176 1709 208 1731 15
228 1705 415 1739 ignitabulum
437 1706 523 1731 Mswr.
544 1707 552 1738 Η
572 1708 602 1730 21
624 1705 797 1739 largiciorem
817 1706 839 1730 δ
856 1708 859 1736 ι
876 1705 974 1738 poculo
996 1706 1029 1730 Π
1044 1706 1052 1737 ΙΙ
1072 1707 1103 1730 27
1124 1704 1178 1730 lec-

174 1742 258 1766 tiores
274 1743 290 1766 Ζ
305 1742 313 1774 ΙΙ
329 1744 361 1766 30
381 1741 482 1773 aliquis
499 1743 518 1769 Q
538 1741 661 1774 alioquin
679 1741 766 1766 Macr.
784 1742 787 1774 Ι
805 1740 946 1774 c(a)elaret
962 1743 979 1765 0
996 1740 1084 1766 Macr.

1197 556 1221 575 10
1265 560 1266 563 =

1197 776 1220 795 15

1196 997 1221 1015 20
1261 994 1266 1007 ⁵

1196 1216 1219 1236 25
1262 1214 1266 1226 2

1194 1437 1231 1531 Ἴ

1226 1534 1229 1608 r

1224 1611 1228 1734 ἒ

1222 1793 1257 1902 ll
