1291 1912
483 60 544 86 xvi
566 63 610 91 1ο;
632 62 661 85 11
1016 57 1076 88 177

68 141 179 183 Capite
212 152 323 173 censos
356 144 461 173 autem
497 142 616 182 primus
648 140 679 172 C.
710 140 843 180 Marius,
879 141 915 170 ut
948 139 1077 180 quidam
1091 147 1122 170 14

67 187 183 226 ferunt,
208 186 292 217 bello
314 185 473 217 Cimbrico
498 186 695 217 difficillimis
715 185 909 226 reipublicae
928 184 1077 225 tempori-

68 231 127 262 bus
156 231 206 262 vel
236 231 355 271 potius,
387 234 422 261 ut
451 230 659 261 Sallustius
688 230 745 270 ait,
774 229 858 260 bello
887 228 1077 270 Iugurthino

67 275 185 307 milites
210 275 373 316 scripsisse
398 275 543 315 traditur,
566 286 637 306 eum
657 275 688 305 id
707 274 827 305 factum
848 276 920 304 ante
940 273 972 304 in
992 273 1079 304 nulla

0 321 5 340 ⁵
42 333 53 352 5
69 319 222 351 memoria
242 322 371 351 extaret.
410 319 601 350 Adsiduus
621 319 654 350 in
673 318 742 349 XII
762 318 906 349 tabulis
924 318 1008 357 (14‚·
1024 317 1077 357 10)
1092 325 1123 348 15

69 375 126 405 pro
155 363 315 404 locuplete
344 367 375 395 et
403 365 496 395 facile
524 364 653 395 facienti
682 363 784 394 dictus
813 365 868 393 aut
892 362 931 393 ab
956 362 1079 393 assibus

69 409 100 440 id
125 410 172 439 est
193 419 264 439 aere
284 409 397 448 dando,
421 419 492 439 cum
514 409 544 439 id
564 410 709 449 tempora
727 407 922 448 reipublicae
942 407 1080 447 postula-

68 455 152 493 rent,
183 455 238 483 aut
266 465 283 484 a
312 454 452 484 muneris
482 464 538 493 pro
568 452 717 483 familiari
745 453 837 493 copia
865 451 1001 482 faciendi
1029 450 1081 482 ad-

70 498 239 529 siduitate.'

30 557 55 576 10
137 541 242 572 Verba
273 544 379 573 autem
410 541 571 572 Sallusti
600 542 633 572 in
661 541 825 572 historia
853 540 1126 582 Iugurthinam

70 587 107 618 de
137 586 168 617 C.
194 586 293 617 Mario
328 587 457 617 consule
491 588 522 617 et
556 587 593 617 de
626 586 730 627 capite
763 585 864 616 censis
898 585 976 616 haec
1008 586 1083 615 sunt

69 631 275 671 (LXXXVI
290 632 340 665 2):
369 630 454 671 Ipse
479 631 625 661 interea
650 631 793 661 milites
818 629 985 661 seribere
1009 639 1083 660 non

70 686 171 707 more
200 676 378 706 maiorum
407 686 474 706 uec
503 687 544 705 ex
574 675 776 715 classibus,
805 675 867 705 sed
896 676 936 705 ut
960 673 1082 704 libido

71 720 255 760 cuiusque
279 722 372 756 erat,
398 721 522 760 capite
543 730 674 751 censos
695 720 907 760 plerosque.
950 718 989 748 Id
1009 718 1084 749 fac-

0 767 4 786 ⁵
33 779 56 799 15
72 767 149 796 tum
178 765 246 795 alii
276 765 406 805 inopia
431 765 627 804 bonorum,
656 764 723 795 alii
748 775 813 804 per
836 763 1083 794 ambitionem

72 809 243 840 consulis
268 809 541 847 memorabant,
570 809 669 849 quod
692 809 736 839 ab
761 819 802 839 eo
827 818 963 849 genere
988 807 1084 838 eele-

72 854 204 885 bratus
246 856 457 894 auctusque
500 856 580 884 erat
617 856 652 884 et
690 853 835 884 homini
872 852 1084 893 potentiam

73 898 737 940 quaerentiegentissimusquisque
751 897 1084 938 oportunissimus.

558 986 602 1017 XI

35 1056 60 1076 so
75 1048 198 1074 Historia
218 1056 250 1074 ex
269 1047 405 1073 Herodoti
424 1047 503 1073 libris
524 1048 635 1080 sumpta
655 1048 689 1073 de
710 1047 865 1080 Psyllorum
885 1046 1014 1077 interitu,
1039 1046 1087 1079 qui

109 1084 137 1110 in
158 1083 285 1117 Syrtibus
305 1083 446 1109 Africanis
467 1083 604 1109 colebant.

141 1146 224 1179 Gens
249 1148 282 1178 in
305 1146 399 1178 Italia
420 1146 599 1178 Marsorum
625 1149 694 1177 orta
717 1146 818 1177 fertur
841 1157 859 1176 a
879 1144 987 1176 Circae
1012 1145 1087 1176 filio.
1118 1155 1130 1177 1

75 1191 247 1233 Propterea
262 1192 375 1223 Marsis
394 1192 587 1231 hominibus,
607 1202 743 1232 quorum
763 1191 929 1221 dumtaxat
948 1189 1088 1220 familiae
1118 1199 1132 1222 2

77 1247 147 1268 cum
177 1237 315 1268 externis
344 1236 591 1278 cognationibus
619 1236 762 1267 nondum
791 1235 886 1266 etiam
914 1235 1088 1275 permixtae

38 1293 63 1314 25
77 1283 308 1322 corruptaeque
336 1284 423 1321 sunty
458 1281 488 1311 vi
517 1281 653 1321 quadam
683 1280 815 1322 genitali
843 1280 966 1319 datum,
995 1281 1031 1310 ut
1059 1281 1089 1309 et

151 1381 163 1402 1
176 1386 235 1411 sqq.
255 1377 316 1403 Val.
333 1377 404 1403 Max,
422 1377 445 1402 Π
461 1380 484 1408 3,
502 1380 514 1402 1
536 1377 608 1402 Plut.
622 1376 690 1402 Mar.
705 1379 719 1402 9
738 1376 928 1407 Flor.135,13
945 1375 1062 1408 Exuper.
1076 1378 1090 1400 2

79 1413 181 1446 (Lydus
194 1421 265 1446 mag.
277 1413 343 1438 1431
453 1416 467 1438 5
480 1422 518 1445 sq.
536 1412 590 1438 Cic.
602 1414 657 1445 top.
669 1412 694 1437 Π
706 1414 737 1437 10
749 1411 840 1445 (Stilo)
857 1412 890 1437 de
901 1419 957 1444 rep.
969 1410 994 1436 ΙΙ
1005 1413 1045 1438 22.
1057 1413 1090 1436 40

80 1447 171 1480 Quint.
188 1448 212 1474 V
228 1451 269 1481 1ο,
285 1452 317 1474 55
339 1448 410 1474 GLK
424 1449 436 1474 Ι
452 1452 493 1481 75,
511 1451 542 1474 10
562 1448 585 1473 ΙΙ
604 1452 661 1480 ns,
679 1450 710 1473 18
731 1447 807 1473 Paul.
824 1456 849 1480 p.
867 1450 891 1478 9,
907 1450 921 1472 9
942 1446 1006 1472 Isid.
1020 1446 1044 1471 X
1059 1449 1090 1471 1ῖ

81 1483 121 1509 Gl.
138 1484 216 1510 Reiff.
233 1486 266 1509 40
286 1483 353 1510 CGL
369 1484 405 1509 VI
422 1487 472 1510 106
553 1487 585 1509 22
598 1493 656 1517 sqq.
677 1483 746 1509 Plin.
763 1483 813 1508 VII
829 1486 852 1515 2,
871 1486 902 1508 15
922 1482 985 1508 XXI
1001 1485 1042 1513 13,
1058 1484 1091 1507 78

80 1519 155 1545 XXV
170 1522 193 1551 2,
211 1523 241 1545 11
262 1519 375 1545 XXVIII
392 1523 415 1552 2,
434 1524 477 1551 19;
499 1523 522 1552 3,
539 1523 571 1545 3⁴>
583 1521 633 1545 etc,

0 1582 5 1658 Ῐ
152 1611 167 1634 6
187 1608 269 1634 facile
290 1608 432 1643 (munus)
449 1618 463 1634 σ
481 1612 483 1641 >
501 1609 536 1634 ab
557 1608 677 1634 assiduis
697 1618 717 1633 ω
737 1616 803 1634 corr.
821 1616 835 1633 σ
854 1616 890 1633 an
909 1608 944 1633 ab
960 1606 1092 1633 assariis?

0 1664 3 1667 .
83 1644 185 1676 (Varro
200 1645 265 1679 liny.
282 1645 297 1670 l.
316 1645 392 1670 VIII
403 1647 445 1676 38,
462 1647 492 1670 71
517 1644 602 1670 GLK
614 1645 670 1677 Ip.
687 1646 728 1675 76,
744 1645 770 1676 3)
791 1643 825 1669 ab
846 1643 954 1669 assibus
975 1643 1092 1669 duendis

0 1673 5 1703 ἒ
86 1679 217 1711 Gifanius
231 1681 240 1713 H
256 1682 269 1704 7
290 1679 319 1705 id
339 1680 391 1714 est]
412 1680 446 1705 ab
463 1682 483 1708 0,
502 1680 532 1705 id
546 1681 589 1706 est
604 1679 638 1705 ab
654 1680 807 1706 Salmasius
820 1680 829 1712 11
845 1682 876 1705 16
897 1686 1093 1705 commemora-

0 1716 16 1750 l⁴
83 1713 152 1740 bant
175 1717 195 1743 Q,
217 1717 226 1748 Η
250 1717 282 1740 22
308 1723 366 1741 esse
391 1715 479 1741 fertur
497 1718 543 1741 ΖΝ
568 1715 585 1740 f.
607 1723 666 1741 esse
686 1716 773 1740 οΠΧ
794 1716 797 1748 Ι
819 1714 875 1740 filio
901 1714 1035 1749 <Mar-so>
1057 1723 1087 1747 64

0 1751 3 1771 Ι
85 1751 118 1775 25
138 1750 194 1776 sint
207 1753 224 1776 z
241 1752 245 1783 Ι
262 1750 359 1776 datum
378 1752 420 1777 est
434 1760 452 1785 γ
469 1751 472 1786 Ι
490 1753 517 1777 et
533 1760 581 1777 mn.
597 1760 616 1785 y

139 1798 244 1819 Gnnmvs
259 1800 294 1819 ed.
309 1800 417 1820 Hosius
432 1801 455 1819 11
904 1798 934 1820 12
