1291 1912
517 50 579 76 XIII
600 53 627 83 7;
648 54 663 76 8
1054 50 1094 79 61

87 135 209 165 τίκτει
233 133 286 165 ἕν’
316 134 502 164 τίκτουσα
525 133 597 173 γὰρ
622 132 879 172 συνεκβάλλει
904 136 952 174 τῷ
977 131 1097 173 τέκνῳ

88 179 153 215 τὰς
180 190 201 219 μ
210 180 333 218 ήτρας.
385 177 570 208 Homerus
599 179 706 208 autem
735 177 842 207 leones
871 195 914 198 —
942 176 987 207 sic
1016 176 1100 206 enim
1110 183 1125 206 3

88 223 222 254 feminas
251 233 378 263 quoque
405 222 488 253 virili
513 233 627 263 genere
651 222 805 262 appellat,
833 220 919 261 quod
943 231 1098 262 gramma-

87 268 142 299 tici
172 266 338 298 ἐπίκοινον
362 269 477 297 vocant
505 285 541 288 -—
568 266 668 307 pluris
693 266 823 307 gignere
847 267 942 306 atque
967 265 1099 296 educare

60 312 209 343 ficatulos
238 311 322 342 dicit.
370 310 502 350 Versus,
531 311 646 351 quibus
675 310 735 341 hoc
762 312 870 351 aperte
895 310 1126 348 (leinonstrat,4

87 356 121 387 hi
146 358 220 387 sunt
245 355 302 395 (Il.
319 355 529 389 XV11133):

133 414 302 454 εἱστήκει
333 413 380 450 ὥς
408 415 466 450 τίς
495 425 532 444 τε
562 412 658 444 λε’ων
686 411 772 453 περὶ
803 408 880 443 οἷσι
906 411 1099 451 τέκεσσιν,

132 454 158 500 ᾧ
186 458 232 498 ῥά
261 469 298 489 τε
325 456 425 498 νήπι’
454 459 590 498 ἄγοντι
616 459 938 497 συναντήσωνται
964 456 1004 488 ἐν
1028 456 1099 498 Υὕλῃ

133 503 274 542 ἄνδρες
298 502 518 543 ἐπακτῆρες.

49 577 74 596 ιο
89 564 169 596 Item
194 565 257 596 alio
282 565 314 595 in
338 565 409 596 loco
434 564 516 595 idem
542 564 702 606 significat
725 563 875 604 (XHII
885 566 975 597 )18);
1111 572 1126 594 5

132 623 258 654 πυκνὰ
286 622 385 663 μάλα
415 623 626 663 στενάχων
656 622 704 659 ὥς
732 633 769 653 τε
799 622 856 658 λὶς
882 620 1099 661 ἠυγένειος,

133 662 158 709 ᾠ
191 667 236 707 ῥά
269 665 305 698 θ’
336 667 408 698 ὑπὸ
443 667 640 708 σκίμνους
673 666 917 721 ἐλαφηβόλος
948 665 1100 706 ἁοπάσῃ

674 711 770 752 ἀνὴρ

134 755 226 796 ὕλης
251 755 289 786 ἐκ
313 760 487 796 πυκινῆς.

49 830 73 849 15
89 817 135 848 Ea
164 829 222 849 nos
251 818 405 849 dissensio
434 821 529 858 atque
557 818 721 849 diversitas
746 828 817 849 cum
842 818 978 859 agitaret
1001 817 1127 848 indu-6

89 863 203 893 tissimi
236 865 400 903 poetarum
430 866 461 894 et
488 862 713 893 historicorum
742 862 947 901 nobilissimi,
980 862 1101 902 placuit

89 907 210 937 libros
235 907 462 938 Aristotelis
487 907 671 948 philosophi
695 907 823 948 inspici,
852 917 932 946 quos
957 906 998 937 de
1023 906 1100 937 ani-

89 951 253 982 malibus
282 952 528 992 exquisitissime
558 952 746 992 composuit.
793 950 831 982 In
857 951 987 991 quibus,
1016 951 1101 991 quod

90 1007 185 1037 super
212 997 272 1027 ista
301 1007 334 1027 re
363 997 516 1037 seriptum
542 996 768 1032 invenerimus,
797 1006 870 1027 cum
894 996 993 1036 ipsius
1018 995 1101 1026 Ari-

49 1052 75 1071 20
90 1041 244 1071 stotelis
269 1040 372 1071 vei-bis
398 1041 430 1071 in
454 1041 503 1071 his
528 1041 764 1071 commentariis
789 1040 971 1071 scribemus

557 1128 634 1160 VIII

92 1189 171 1221 Quod
195 1189 326 1215 Afranius
355 1192 438 1223 poeta
467 1190 619 1223 prudenter
647 1192 675 1216 et
699 1189 792 1224 lepide
817 1190 990 1224 Sapientiam
1014 1190 1101 1215 filiam

127 1233 185 1251 esse
203 1225 275 1251 Vsus
296 1227 323 1251 et
342 1225 493 1251 Memoriae
515 1226 592 1251 dixit.

157 1288 282 1320 Eximie
314 1289 375 1321 hoc
408 1292 503 1329 atque
537 1290 698 1320 verissime
728 1289 909 1320 Afranius
941 1292 1035 1330 poeta
1064 1289 1126 1320 del

51 1345 76 1365 25
92 1332 250 1374 gignenda
279 1334 541 1375 conparandaque
570 1334 725 1374 sapientia
755 1334 902 1374 opinatus
927 1336 987 1373 est,
1017 1334 1102 1374 quod

93 1388 161 1407 eam
184 1378 283 1408 filiam
308 1389 375 1410 esse
399 1378 483 1409 Vsus
507 1381 538 1409 et
562 1378 735 1409 Memoriae
759 1378 847 1409 dixit.
892 1378 940 1409 Eo
965 1386 1128 1419 namque‘z

92 1425 280 1463 argumento
294 1423 515 1458 demonstrat,
544 1423 599 1463 qui
623 1423 748 1463 sapiens
773 1434 877 1453 rerum
902 1434 968 1454 esse
992 1422 1102 1453 huma-

91 1477 203 1496 narum
233 1467 322 1506 velit,
350 1478 415 1498 non
442 1467 532 1498 libris
561 1468 636 1498 solis
665 1478 767 1508 neque
796 1467 971 1507 disciplinis
997 1467 1102 1498 rheto-

165 1556 197 1579 25
209 1563 248 1587 sq
269 1553 396 1580 Eustath.
412 1554 491 1580 Hom
508 1554 537 1580 Π
554 1554 586 1579 I
581 1557 630 1580 250
648 1564 674 1588 p
691 1557 733 1585 96
748 1557 781 1580 44

163 1637 178 1659 5
204 1634 244 1660 ait-
264 1635 322 1667 1111
343 1636 356 1659 τ
380 1635 510 1660 ternae:
532 1635 609 1667 (-Ηει
629 1637 664 1660 x»
683 1644 702 1668 y
727 1635 880 1661 ιςτΗκΛει
901 1637 919 1660 z
937 1636 946 1668 ι]
966 1638 980 1660 9
1001 1635 1103 1660 επακ-

92 1670 186 1696 ΤΗΕΕ
197 1679 216 1703 y
229 1671 238 1703 ΙΙ
254 1673 283 1695 11
302 1670 377 1695 ΛΕΙΕ
389 1680 408 1695 ω
423 1672 431 1703 Η
447 1673 478 1696 19
490 1670 607 1695 istarum
618 1678 667 1696 scr.
680 1670 765 1705 0¹11!
778 1671 953 1696 inueniemus
964 1671 1058 1703 (fimus
1068 1673 1102 1695 xl

92 1707 134 1738 γΖ
147 1706 156 1738 ΙΙ
171 1708 204 1730 20
226 1705 309 1731 Verba
326 1706 480 1732 Aristotelis
493 1706 554 1732 hist.
565 1715 610 1732 an.
629 1707 669 1732 Vl
681 1708 714 1732 31
726 1715 755 1740 p.
767 1709 819 1732 579
834 1707 940 1732 addunt
955 1715 970 1732 σ
984 1708 992 1739 ΙΙ
1008 1709 1040 1731 25
1061 1710 1103 1732 est

93 1749 142 1766 om.
159 1743 179 1769 Q
192 1742 201 1774 ΙΙ
216 1744 248 1766 28
269 1741 351 1776 (ei),
372 1749 427 1766 non
448 1741 617 1768 HJMueller
