1291 1912
570 47 654 73 KH?
1076 47 1115 78 31

106 131 194 168 eunt,
223 129 278 160 sed
306 132 340 160 et
362 139 482 168 rerum,
511 140 588 169 quas
613 129 710 165 (licat,
739 129 904 160 scientiam
930 129 1119 160 doctrinam-

106 184 167 215 que
196 173 224 205 ei
254 184 318 204 non
347 174 453 204 deesse
482 173 593 204 dicunt
621 176 653 204 et
681 174 714 204 in
742 174 829 205 vitiis
857 184 982 204 morum
1015 173 1119 204 obiur-

106 218 217 260 gandis
265 218 462 249 severitatem
507 218 759 260 gravitatemque
802 229 867 249 non
908 218 1119 249 invenustam.

105 262 184 294 Mihi
214 263 252 293 de
281 263 367 293 omni
397 263 463 293 eius
492 263 622 303 ingenio
651 262 752 303 deque
781 263 868 293 omm'
897 263 1016 303 scripto
1040 263 1144 293 iudi-*2

79 319 90 339 5
105 307 189 339 cium
215 317 443 347 censuramque
467 307 571 338 facere
594 318 659 338 non
682 317 847 338 necessum
873 310 933 347 est3
957 307 1011 338 sed
1033 307 1118 347 quod

105 351 144 383 de
171 351 213 382 M.
239 350 420 383 Cicerone
449 354 480 382 et
509 351 543 388 Q.
569 351 692 382 Ennio
722 354 752 382 et
777 351 809 382 P.
835 351 1010 393 Vergilio
1040 352 1118 382 iudi-

105 396 197 435 cavit,
217 407 253 427 ea
271 407 321 427 res
342 396 520 427 cuiusmodi
540 396 589 436 sit,
611 396 650 427 ad
670 396 933 427 considerandum
954 407 1117 437 ponemus.

172 440 207 471 In
234 441 334 472 libro
359 441 442 472 enim
468 441 650 472 vicesimo
675 441 839 472 secundo
864 441 1143 481 epistularum3

106 486 319 523 moralium,
343 496 420 526 quas
443 486 481 516 ad
501 485 659 516 Lucilium
680 486 851 526 conposuit
870 488 911 525 (p.
928 488 989 516 610
999 495 1040 525 sq.
1053 485 1119 525 H),

67 542 90 561 10
105 530 296 561 deridiculos
320 541 429 561 versus
449 529 483 566 Q.
503 529 666 561 Ennium
691 530 729 561 de
754 530 873 571 Cetego
898 530 1030 570 antiquo
1050 530 1118 561 viro

105 575 217 606 fecisse
240 574 300 606 hos
325 575 402 605 dicit
425 576 500 615 (351
512 575 559 605 M.
575 577 643 606 222
653 574 720 616 BQ:

398 637 428 668 is
454 637 598 668 dictust
622 637 711 668 ollis
735 636 989 678 popularibus
1015 637 1118 677 olim,

150 682 214 722 qui
243 684 320 712 tum
345 681 527 712 vivebant
551 681 723 713 homines
748 684 861 722 atque
885 693 1015 712 aevum
1040 682 1117 722 agi-

66 783 89 802 15
149 771 224 802 flos
258 770 450 802 delibatus
483 771 617 811 populi
647 726 911 811 Sutfi’idjaibgtciu&
944 770 1117 801 medulla.

104 831 153 863 Ac
177 832 289 864 deinde
313 833 440 874 scripsit
464 833 501 864 de
525 833 624 864 isdem
649 833 793 864 versibus
816 833 912 864 verba
931 832 1022 864 haec:
1046 832 1144 863 Ad—4

106 877 222 908 miror
250 878 589 918 eloquentissimos
619 879 721 909 viros
751 880 787 909 et
815 877 964 909 deditos
993 877 1117 908 Ennio

105 932 172 962 pro
211 922 366 963 optimis
403 922 567 953 ridicula
606 923 789 953 laudasse.
846 922 978 953 Cicero
1017 924 1117 953 certe

105 966 206 997 inter
229 966 348 997 bonos
373 967 452 998 eius
477 978 607 998 versus
632 970 668 998 et
691 967 759 998 hos
784 967 909 998 refert.
954 966 1061 1007 Atque
1086 966 1143 997 id5

65 1011 201 1043 suetiam
227 1010 264 1042 de
289 1010 470 1043 Cicerone
495 1012 584 1043 dicit:
609 1011 693 1043 Non
716 1012 833 1042 miror
856 1012 962 1052 inquit
983 1011 1117 1048 fuisse,

105 1056 169 1096 qui
197 1055 264 1086 hos
294 1067 424 1087 versus
454 1056 653 1096 scriberet,
683 1066 762 1087 cum
792 1056 923 1096 fuerit,
952 1056 1015 1096 qui
1039 1056 1117 1086 lau-

105 1100 224 1139 daret3
252 1100 326 1131 nisi
354 1101 454 1132 forte
479 1100 610 1132 Cicero
638 1112 803 1132 summus
829 1103 957 1131 orator
980 1100 1118 1142 agebat

105 1154 256 1175 causam
286 1156 388 1176 suam
418 1148 454 1176 et
482 1145 636 1177 volebat
660 1145 728 1176 hos
752 1156 883 1176 versus
908 1145 1030 1176 videri
1055 1145 1117 1175 bo-

105 1200 179 1220 nos.
235 1188 350 1220 Postea
383 1189 445 1221 hoc
477 1191 572 1221 etiam
606 1190 727 1221 addidit
758 1190 982 1221 insulsissime.
1015 1188 1143 1230 Aputss

66 1246 90 1266 25
105 1244 227 1274 ipsum
258 1245 406 1275 quoque
433 1235 539 1275 inquit
563 1234 783 1266 Ciceronem
807 1235 979 1265 invenies
1004 1234 1116 1265 etiam

106 1278 144 1308 in
171 1289 283 1319 prosa
313 1279 486 1310 oratione
511 1279 706 1320 quaedam,
734 1290 777 1310 ex
802 1279 940 1319 quibus
964 1279 1116 1309 intelle-

107 1332 170 1364 gas
190 1322 298 1354 illum
318 1335 392 1354 non
411 1324 625 1365 perdidisse
645 1335 811 1364 operam,
835 1323 934 1364 quod
953 1323 1116 1354 Ennium

106 1367 210 1408 legit.
260 1367 356 1399 Ponit
385 1369 510 1407 deinde,
543 1379 624 1409 quae
652 1368 736 1409 apud
767 1368 986 1399 Ciceronem
1013 1373 1143 1408 repre-7

106 1411 224 1442 hendat
251 1413 341 1452 quasi
365 1413 551 1451 Enniana,
580 1414 665 1453 quod
694 1414 738 1444 ita
763 1414 925 1453 scripserit
948 1413 981 1443 in
1004 1412 1116 1443 libris

65 1469 91 1488 30
107 1456 149 1486 de
172 1456 370 1496 republica
390 1458 480 1497 (Vs),
496 1459 563 1497 11):
587 1460 628 1489 ut
649 1457 821 1489 Menelao
841 1457 982 1488 Laconi
1007 1467 1117 1497 quae-

178 1566 191 1588 1
209 1563 296 1597 dicat]
312 1563 411 1589 asserit
422 1564 455 1588 Π
467 1565 475 1596 ΙΙ
491 1566 505 1588 6
521 1571 613 1589 marco
625 1566 699 1592 OQX
714 1565 722 1596 Η
738 1565 751 1588 7
768 1562 890 1588 cuimodi
900 1565 941 1596 γΖ
955 1564 964 1595 ΙῙ
981 1565 1012 1587 12
1026 1562 1116 1587 dictus

105 1598 181 1624 tollis
211 1598 332 1631 (tolleres
355 1601 388 1623 Χί
418 1609 438 1624 ω
470 1598 560 1625 dictus
587 1599 640 1625 Cic
666 1600 744 1625 Brut
768 1599 828 1624 XV
844 1601 877 1624 58
900 1600 908 1630 Η
934 1600 966 1623 13
995 1598 1117 1631 agebant

104 1634 180 1660 codd.
198 1634 249 1660 Cia
266 1636 274 1667 ΙΙ
291 1638 322 1659 15
343 1634 507 1667 Suadaeque
524 1635 576 1661 Cic.
594 1636 609 1660 l.
627 1636 641 1660 l.
658 1635 726 1667 (Cat.
744 1635 822 1660 XIV
834 1637 869 1660 50
888 1635 980 1668 Quint.
992 1634 1028 1659 ΙΙ
1039 1636 1079 1664 15,
1090 1634 1116 1660 4)

106 1670 193 1695 suada
209 1680 228 1695 ω
243 1672 252 1702 Η
268 1673 299 1695 16
320 1670 417 1696 scribit
431 1679 449 1704 γ
463 1672 472 1703 Η
489 1673 519 1696 17
540 1670 588 1695 sed
604 1670 647 1696 Sk
663 1672 671 1703 Η
687 1673 719 1696 23
740 1670 778 1705 et]
797 1678 859 1695 cum
875 1670 985 1701 Haase;
1003 1670 1117 1702 fortasse

103 1709 163 1738 post
182 1706 268 1731 bonos
288 1706 388 1732 exercitt
407 1707 434 1732 et
454 1714 532 1738 suos,·
552 1713 615 1731 suos
632 1714 683 1739 pro
703 1706 752 1732 hos
768 1706 810 1732 sk.
827 1707 882 1738 1129
904 1705 951 1738 qui
971 1705 1012 1730 ita
1031 1705 1117 1737 scrip-

105 1742 179 1767 serat
193 1744 216 1766 X
231 1744 239 1774 η
254 1744 286 1767 30
307 1741 341 1767 de
360 1749 389 1767 re
406 1750 455 1775 pro
471 1727 596 1768 meiielao
613 1744 633 1770 Q
652 1741 722 1767 libro
738 1742 772 1767 de
787 1750 816 1767 re
831 1750 856 1774 p.
873 1741 909 1767 V:
930 1740 1056 1766 Menelao
1073 1740 1115 1766 δὲ.
