1266 1902
129 32 147 63 8
546 30 713 61 XI53637

129 113 179 144 vel
207 113 343 143 maxime
372 114 538 152 propterea
567 111 739 141 existimati
768 113 853 150 sunt,
882 110 966 151 quod
992 109 1131 141 Acade-

130 158 216 188 mici
255 156 381 196 quidem
420 156 524 195 ipsum
560 154 638 186 illud
671 154 751 185 nihil
784 165 875 195 posse
909 154 1132 195 comprehendi

131 202 220 242 quasi
258 199 529 240 comprehendunt
567 202 598 230 et
634 198 714 229 nihil
752 209 844 239 posse
881 198 1004 230 decerni
1043 199 1132 239 quasi

131 246 310 281 decernunt,
338 244 515 284 Pyrronii
544 254 582 273 ne
612 243 642 273 id
667 243 792 283 quidem
817 242 883 273 ullo
907 244 1000 283 pacto
1024 253 1132 273 verum

131 290 229 320 videri
254 289 376 327 dicunt,
401 288 483 328 quod
508 287 589 318 nihil
614 298 681 318 esse
705 298 813 317 verum
838 287 969 318 videtur.

608 374 654 406 VI

132 437 209 468 Quod
229 437 357 462 mulieres
378 436 480 462 Romae
500 444 548 469 per
568 435 712 461 Herculem
733 444 786 461 non
806 436 956 461 iuraverint
975 444 1063 468 neque
1082 435 1133 461 viri

167 481 215 506 per
234 472 381 498 Castorem.
512 475 515 478 '

108 546 118 567 1
199 535 235 566 In
264 535 423 566 veteribus
448 535 574 575 scriptis
599 545 700 574 neque
725 533 871 565 mulieres
895 533 1056 565 Romanae
1080 545 1135 574 per

107 579 304 611 2He1·cule1n
329 579 472 610 deiurant
495 590 597 619 neque
621 578 679 609 viri
704 590 759 619 per
784 577 955 609 Castorem.
998 577 1059 609 Sed
1081 589 1135 609 cur

134 624 206 654 illae
230 634 293 654 non
318 624 491 654 iuraverint
509 622 687 662 Herculem,
711 634 775 653 non
795 622 963 653 obscurum
983 624 1038 662 est,
1062 633 1134 653 nam

108 668 331 699 3He1·culaneo
365 667 519 698 sacrificio
548 667 716 698 abstinent.
768 666 830 697 Cur
859 669 963 697 autem
993 667 1051 697 viri
1081 665 1136 697 Ca-

135 715 251 743 storem
276 712 415 742 iurantes
435 723 499 742 11011
518 711 756 752 appellaverint,
780 722 844 742 non
863 711 955 741 facile
975 711 1060 741 dictu
1081 712 1134 741 est.

134 756 299 796 Nusquam
332 757 430 797 igitur
463 756 615 796 seriptum
649 755 788 786 invenire
820 757 867 785 est
895 755 977 796 apud
1006 755 1135 785 idoneos

135 801 261 841 quidem
290 801 460 840 scriptores
490 803 544 830 aut
574 799 751 830 ‘mehercle’
781 799 931 830 feminam
956 799 1058 830 dicere
1082 800 1136 829 aut

109 845 313 876 4‘mecastor⁷
343 845 460 884 virum3
494 843 627 884 ‘edepol’
658 846 776 883 autem,
806 844 890 883 quod
919 843 1136 874 iusiurandum

137 901 193 929 per
221 889 381 919 Pollucem
416 890 476 929 est,
509 890 539 919 et
567 888 635 918 viro
665 890 696 919 et
723 888 858 918 feminae
886 898 1052 918 commune
1081 889 1136 918 est.

109 932 197 964 5Sed
226 933 266 963 M.
292 932 411 964 Varro
444 934 566 972 (11375
586 932 672 972 Bipff)
706 932 868 963 adseverat
900 931 1137 972 antiquissimos

136 978 220 1008 viros
242 988 343 1017 neque
362 988 418 1017 per
438 976 600 1007 Castorem
620 987 720 1016 neque
740 987 795 1016 per
814 975 977 1007 Pollucem
997 976 1137 1006 deiurare

136 1022 261 1061 solitos,
291 1021 344 1052 sed
374 1021 404 1051 id
434 1021 651 1051 iusiurandum
680 1020 777 1051 fuisse
801 1022 925 1051 tantum
948 1020 1137 1050 feminarum

111 1075 175 1097 oex
199 1066 298 1096 initiis
320 1065 479 1096 Eleusinis
504 1066 681 1105 acceptum3
705 1064 858 1105 paulatim
882 1066 988 1095 tamen
1012 1064 1138 1094 inscitia

138 1110 336 1150 antiquitatis
370 1110 454 1140 viros
487 1109 589 1140 dicere
624 1108 756 1149 ‘edepol'
789 1109 928 1148 coepisse
956 1108 1137 1148 factumque

137 1165 202 1185 esse
232 1154 275 1184 ita
299 1154 421 1184 dicendi
446 1164 579 1193 morem,
608 1153 661 1183 sed
686 1153 862 1183 ‘mecastor'
888 1164 905 1183 a
929 1153 995 1183 viro
1020 1152 1081 1182 dici
1106 1152 1137 1182 in

137 1198 224 1228 nullo
250 1200 353 1229 vetere
378 1198 495 1238 scripto
520 1197 661 1228 inveniri.

606 1284 668 1315 VII

138 1346 235 1371 Verbis
255 1347 455 1378 antiquissimis
470 1346 630 1379 relictisque
646 1346 699 1371 iam
716 1347 743 1371 et
759 1346 855 1371 desitis
870 1345 982 1370 minime
997 1344 1137 1370 utendum.

114 1419 125 1440 1
206 1409 319 1439 Verbis
352 1409 398 1439 uti
432 1411 486 1439 aut
519 1409 613 1439 nimis
645 1408 795 1439 obsoletis
824 1408 1057 1447 exculcatisque
1085 1410 1139 1438 aut

140 1453 349 1483 insolentibus
382 1454 595 1493 novitatisque
624 1453 717 1483 durae
747 1456 777 1483 et
806 1452 960 1492 inlepidae
989 1463 1046 1492 par
1074 1462 1139 1482 esse

140 1497 288 1527 delictum
314 1497 444 1527 videtur.
488 1496 547 1527 Sed
573 1498 735 1527 molestius
755 1497 899 1537 equidem
921 1497 1138 1536 culpatiusque

211 1595 224 1617 9
237 1601 274 1624 sq.
296 1592 365 1617 GLK
380 1592 390 1617 Ι
409 1595 465 1624 198,
484 1596 513 1617 17
534 1592 631 1618 Donati
649 1593 707 1618 Ter.
724 1593 806 1617 Andr.
823 1592 858 1617 ΠΙ
875 1595 898 1624 2,
915 1596 929 1617 (5

212 1675 225 1695 4
246 1671 319 1696 sacto
335 1673 356 1697 d·
380 1674 387 1703 ἷΙ
413 1675 440 1696 11
463 1680 512 1704 per
531 1672 601 1697 herc,
620 1673 650 1697 Π
673 1674 681 1704 Η
708 1675 737 1697 12
758 1672 811 1705 ipsi
830 1672 884 1696 uiri
899 1674 916 1696 Z
935 1673 943 1704 Η
963 1673 994 1696 13
1015 1670 1102 1704 dictu]
1118 1672 1140 1694 N

141 1707 244 1731 dictum
261 1717 280 1731 ω
296 1710 303 1738 ζ1
320 1710 350 1731 14
371 1708 412 1732 est
431 1707 486 1731 inu.
504 1709 523 1734 Q
538 1709 545 1739 Ἰ
561 1710 593 1732 :30
614 1707 694 1732 solito
710 1710 751 1731 ΒΖ
767 1710 775 1739 Η
791 1710 820 1732 ’21
842 1706 946 1740 tamen]
966 1714 1026 1731 cum
1042 1708 1058 1729 Z

1152 591 1174 609 10

1152 810 1175 830 15

1152 1032 1177 1050 20
