1291 1912
522 84 571 110 XX
593 88 605 111 1
1002 85 1066 115 289

63 166 301 197 Favorinum:
332 167 377 197 ‘tu
408 166 451 197 es*
481 166 586 207 inquit
615 167 707 197 ‘unus
734 167 877 207 profecto
903 167 934 197 in
958 169 1067 197 nostra

61 210 213 242 memoria
241 221 305 241 non
330 210 442 241 Graiae
471 211 579 251 modo,
608 211 662 242 sed
685 210 847 242 Romanae
872 221 999 252 quoque
1022 211 1067 242 rei

61 255 279 296 peritissimus.
340 254 417 292 Quis
457 256 541 286 enim
579 255 843 296 philosophorum
882 255 1068 297 disciplinae

61 310 136 331 suae
157 300 244 341 leges
268 302 333 330 tam
359 300 436 330 scite
460 302 556 340 atque
575 300 666 331 docte
685 301 788 339 callet,
812 311 906 340 quam
926 301 1013 341 leges
1032 302 1067 331 tu

61 346 184 375 nostras
217 344 440 375 decemvirales
474 345 691 385 percalluisti'?
725 344 778 375 sed
813 355 930 385 quaeso
961 347 1066 376 ‘tecum
1079 353 1110 376 21

61 391 180 428 tamen,
208 388 390 430 degrediare
414 389 576 429 paulisper
599 389 763 420 curriculis
788 390 857 420 istis
881 389 1068 430 disputatio-

61 444 136 464 num
161 435 336 464 vestrarum
361 434 548 464 academicis
573 434 754 474 omissoque
777 434 892 474 studio,
916 433 1068 474 quicquid

60 477 197 509 lubitum
231 479 291 517 est,
324 478 477 519 arguendi
506 478 693 518 tuendique⁷
724 477 903 509 consideres
932 478 1068 519 gravius,

61 522 199 553 cuimodi
224 523 288 552 sint
311 533 360 561 ea,
385 533 465 562 quae
489 522 729 563 reprehendisti,
753 533 810 553 nec
834 522 905 553 ideo
930 525 1112 554 contem-22

60 578 116 597 nas
149 567 257 607 legum
286 567 418 597 istarum
447 567 666 607 antiquitateS,
699 567 784 607 quod
813 567 972 607 plerisque
1002 568 1069 607 ipse

62 612 122 642 iam
153 612 290 652 populus
315 610 478 642 Romanus
507 612 554 642 uti
583 612 739 642 desiverit.
785 611 859 642 Non
888 612 971 642 enim
999 622 1070 652 pro-

61 656 144 686 fecto
167 656 295 697 ignoras
319 656 427 697 legum
452 657 686 696 oportunitates
706 659 737 687 et
756 656 894 687 medelas
914 666 971 696 pro
992 658 1070 687 tem-

61 710 174 740 porum
208 700 351 731 moribus
384 702 415 731 et
448 711 506 741 pro
537 712 641 731 rerum
671 701 869 741 publicarum
900 700 1069 741 generibus

60 755 96 776 ac
123 755 182 785 pro
211 745 387 775 utilitatum
415 746 628 785 praesentium
652 745 829 776 rationibus
853 756 974 786 proque
998 745 1069 775 viti—

35 802 42 806 ·
61 800 166 827 orum,
194 789 310 829 quibus
335 790 524 820 medendum
549 792 609 829 est,
632 789 809 820 fervoribus
834 790 950 820 mutari
974 791 1069 829 atque

60 833 144 864 flecti
168 844 270 874 neque
295 844 357 864 uno
383 836 468 864 statu
492 835 672 871 consistere,
699 834 786 874 quin,
808 836 845 865 ut
868 834 965 865 facies
990 834 1068 865 caeli

60 881 92 909 et
133 878 242 914 maris,
283 878 327 909 ita
365 889 470 909 rerum
508 881 604 918 atque
641 878 786 909 fortunae
823 878 1067 919 tempestatibus

60 922 229 953 varientur.
285 922 367 960 Quid
405 923 563 953 salubrius
599 924 701 953 visum
735 925 782 954 est
813 923 979 964 rogatione
1012 923 1068 953 illa
1079 931 1113 954 23

62 966 202 998 Stolonis
231 968 375 1009 iugerum
405 968 443 998 de
471 978 603 998 numero
632 967 822 1008 praefinito?
853 967 929 1008 quid
957 967 1068 998 utilius

62 1011 244 1052 plebisscito
269 1011 413 1043 Voconio
442 1012 479 1042 de
508 1012 689 1043 coercendis
717 1012 887 1042 mulierum
915 1012 1069 1042 heredjta-

61 1056 169 1087 tibus?
198 1056 273 1096 quid
302 1059 367 1087 tam
391 1057 603 1087 necessarium
627 1057 844 1087 existimatum
868 1058 916 1087 est
939 1057 1068 1097 propul-

61 1100 176 1131 sandae
208 1101 325 1131 civium
357 1101 502 1132 luxuriae
535 1112 631 1141 quam
658 1101 710 1131 lex
738 1101 860 1132 Licinia
888 1103 920 1131 et
948 1100 1069 1131 Fannia

61 1144 204 1186 aliaeque
229 1146 306 1176 item
330 1146 416 1187 leges
441 1145 678 1186 sumptuariae?
725 1144 839 1176 Omnia
862 1148 969 1176 tamen
994 1144 1070 1175 haec

62 1189 244 1220 oblitterata
281 1192 313 1221 et
350 1193 460 1231 operta
498 1192 573 1220 sunt
610 1190 748 1221 civitatis
783 1190 946 1231 opulentia
979 1190 1069 1229 quasi

62 1234 251 1274 quibusdam
284 1234 435 1266 fluctibus
466 1235 689 1265 exaestuantis.
740 1234 802 1265 Sed
830 1245 887 1266 cur
913 1234 973 1265 tibi
1002 1245 1069 1264 esse
1080 1242 1114 1265 24

61 1279 128 1309 visa
156 1280 203 1309 est
228 1278 400 1310 inhumana
423 1280 475 1310 lex
500 1279 643 1310 omnium
667 1290 736 1310 mea
760 1278 888 1319 quidem
914 1279 1069 1309 sententia

62 1323 300 1363 humanissima,
319 1334 400 1363 quae
420 1324 597 1354 iumentum
618 1323 685 1354 dari
704 1323 792 1354 iubet
811 1334 907 1365 aegro
927 1325 982 1354 aut
1002 1323 1069 1353 seni

62 1368 94 1398 in
121 1368 170 1398 ius
198 1369 333 1399 vocato?
379 1368 485 1399 Verba
514 1370 588 1398 sunt
615 1367 694 1399 haec
721 1367 759 1398 de
786 1368 856 1409 lege
886 1368 915 1398 si
944 1368 981 1398 in
1011 1368 1068 1398 ius
1079 1375 1112 1398 25

62 1414 171 1443 vocat
189 1412 225 1452 (I
238 1415 273 1444 1:
287 1414 335 1452 3):
360 1412 397 1443 Si
418 1412 570 1443 morbus
590 1413 782 1443 aevitasve
801 1413 937 1443 vitium
958 1412 1067 1451 escit,

63 1457 124 1496 qui
157 1457 194 1487 in
227 1457 284 1487 ius
318 1457 485 1490 vocabit.
518 1457 724 1487 iumentum
755 1457 856 1496 dato3
890 1457 920 1487 si
949 1457 1068 1496 nolet,

133 1556 148 1578 5
169 1553 270 1579 Fronto
285 1562 311 1586 p.
330 1556 388 1585 168,
406 1556 436 1578 13
449 1553 480 1578 N.

134 1636 149 1658 2
163 1641 244 1667 grece
260 1636 280 1662 Q
294 1634 384 1667 gratie
399 1635 416 1658 Ζ
433 1633 437 1667 1
454 1641 563 1665 quoque
578 1641 628 1659 om
642 1634 730 1658 non
742 1634 751 1666 11
766 1636 781 1659 5
796 1634 888 1659 tecum
902 1633 952 1659 del.
969 1633 1050 1667 Voyel
1062 1632 1072 1666 i}

63 1671 78 1694 8
92 1669 190 1695 tuendi
205 1671 228 1694 N
242 1671 250 1701 Μ
266 1672 280 1694 9
296 1669 452 1694 cuiusmodi
466 1671 516 1697 HQ
529 1670 538 1701 u
554 1671 586 1694 10
601 1669 661 1702 ipse
676 1669 782 1695 Hertz
774 1669 843 1702 ipsis
853 1679 874 1694 ω
890 1669 967 1702 ipsus
979 1669 1050 1694 Boot
1063 1670 1071 1701 ΙΙ

63 1706 96 1730 28
120 1704 224 1739 Verba]
247 1704 334 1730 uerba
357 1706 421 1730 sunt
444 1704 496 1730 hec
519 1704 598 1738 legis.
627 1704 651 1729 si
673 1704 703 1729 in
725 1704 769 1730 ius
792 1706 901 1730 uocato
927 1704 1014 1730 uerba
1034 1704 1072 1735 δ,-

61 1741 110 1772 cfr.
134 1741 242 1772 Vahlen,
263 1740 362 1766 Ztsehr.
383 1741 403 1772 f.
423 1742 470 1766 (ist.
492 1740 590 1774 Gynm.
608 1740 658 1766 XI
669 1742 762 1773 (1360)
783 1742 801 1766 6
816 1741 820 1775 Ι
836 1740 910 1773 lege:
931 1739 960 1765 Si
979 1739 1007 1764 in
1027 1739 1072 1764 ius

64 1777 151 1808 vocat,
172 1776 193 1801 si
209 1776 270 1802 dist
287 1784 302 1801 σ

115 1824 222 1844 (ἔειωνε
236 1825 270 1844 ed.
287 1825 394 1844 Hosius
408 1825 433 1844 11
879 1823 910 1845 19
