1291 1912
31 546 55 565 10

31 768 55 787 15

31 989 56 1008 20

520 51 569 78 xv
588 54 620 77 ‘37
1013 51 1075 83 153

69 135 122 174 (fr.
142 136 187 165 22
201 133 244 165 H.
266 135 321 164 ine.
342 136 403 164 187
421 134 490 174 ΒΥ.)
520 133 654 164 scribere
687 132 812 164 ‘calata'
844 133 974 163 comitia
999 143 1075 171 esse,

69 189 150 218 quae
178 189 235 219 pro
265 179 410 219 conlegio
439 178 625 219 pontificum
654 177 813 208 habentur
836 179 891 208 aut
914 177 997 218 regis
1021 179 1077 208 aut

70 222 233 254 flaminum
264 222 554 263 inaugurandorum
584 233 684 254 causa.
731 221 851 253 Eorum
881 223 987 252 autem
1015 222 1102 252 alia2

69 278 136 298 esse
166 267 320 307 ‘curiata’‚
348 267 409 298 alia
439 267 652 306 ‘centuriata’3
681 266 824 298 ‘curiata’
852 277 908 306 per
931 266 1075 297 lictorem

71 312 225 342 curiatum
259 311 388 351 ‘calarst
420 311 451 342 id
483 314 530 342 est
559 310 759 351 ‘convocari',
793 310 991 341 ‘centuriata'
1020 321 1077 351 per

70 356 270 387 cornicinem.

136 399 239 431 Isdem
264 400 415 434 comitiis,
444 411 523 440 quae
549 400 672 430 ‘calata'
697 398 850 440 appellari
875 399 1021 436 diximus,
1046 401 1103 430 eta

70 454 230 475 sacrorum
255 444 422 475 detestatio
447 447 477 474 et
501 446 690 475 testamenta
713 444 781 474 fieri
806 443 958 474 solebant.
1004 443 1078 474 Tria

69 489 153 520 enim
183 500 298 530 genera
327 490 589 519 testamentorum
618 489 715 519 fuisse
744 489 936 529 accepimus:
969 499 1078 528 unum,

71 533 155 573 quod
180 533 290 564 calatis
313 533 450 564 comitiis
470 533 503 563 in
523 533 633 573 populi
654 533 800 564 contione
820 533 919 572 fieret,
944 533 1077 563 alterum

70 578 102 608 in
122 579 297 618 procinctu,
321 589 393 609 eum
414 578 473 607 viri
492 577 531 608 ad
551 577 706 617 proelium
726 577 905 608 faciendum
926 577 959 607 in
977 577 1077 608 aciem

70 622 278 661 vocabantur,
307 622 436 652 tertium
461 632 517 662 per
540 622 679 652 familiae
703 621 1001 662 emancipationem,
1026 621 1077 652 eui

70 677 122 697 aes
147 669 178 697 et
202 666 283 697 libra
307 666 516 697 adhiberetur.

137 710 172 741 In
197 710 325 741 eodem
350 710 454 741 Laeli
475 710 615 741 Felicis
636 710 733 741 libro
754 710 831 741 haec
852 710 970 751 scripta
990 712 1104 741 suntz4

70 754 105 786 Is
144 755 206 796 qui
243 766 317 786 non
355 755 570 785 universum
604 755 800 795 populum,
838 755 899 785 sed
932 756 1077 795 partem

71 800 235 840 aliquam
265 800 395 830 adesse
424 799 542 833 iubet,
570 809 643 829 non
673 798 861 838 ‘comitia’,
890 799 952 829 sed
982 799 1079 829 ‘con-

71 844 224 875 cilium'
251 844 410 874 edieere
435 843 562 874 debet.
607 843 779 874 Tribuni
804 845 935 874 autem
959 854 1078 883 neque

71 888 259 920 advocant
292 888 478 929 patricios
511 898 630 927 neque
663 888 707 918 ad
739 898 801 918 eos
829 888 972 918 referre
999 888 1079 918 ulla

72 933 114 963 de
142 944 179 964 re
208 936 376 973 possunt.
424 932 480 963 Ita
508 943 552 963 ne
582 932 707 973 ‘leges’
739 932 887 972 quidem
912 932 1079 973 proprie,

71 977 134 1008 sed
179 977 428 1018 ‘plebisscita'
473 977 730 1017 appellantur,
777 987 870 1016 quae
911 976 1078 1007 tribunis

71 1021 195 1062 plebis
229 1021 444 1052 ferentibus
478 1023 633 1061 accepta
666 1022 766 1061 sunt,
802 1021 939 1061 quibus
972 1031 1080 1062 roga-

70 1066 244 1097 tionibus
278 1068 364 1096 ante
397 1066 555 1106 patricii
586 1076 659 1096 non
686 1065 929 1105 tenebantur,
963 1065 1080 1096 donec

71 1110 106 1147 Q.
130 1110 363 1141 Hortensius
388 1111 555 1140 dictator
578 1110 697 1151 legem
722 1110 827 1148 tulit,
855 1112 896 1140 ut
920 1120 961 1140 eo
985 1110 1079 1149 iure,

72 1155 170 1195 quod
194 1155 302 1195 plebs
328 1155 543 1187 statuisset.
569 1164 694 1184 omnes
715 1153 884 1191 Quirites
907 1156 1079 1185 teneren—

32 1211 55 1230 25
71 1201 139 1230 tur.
186 1198 266 1230 Item
296 1199 329 1229 'm
358 1199 484 1229 eodem
511 1198 611 1229 libro
636 1198 695 1229 hoe
720 1198 873 1239 seriptum
898 1200 958 1229 est:
988 1197 1105 1229 τ(3111115

71 1254 109 1274 ex
143 1243 312 1285 generibus
345 1243 510 1274 hominum
546 1243 731 1284 suffragium
764 1243 896 1282 feratur,
936 1243 1078 1274 ‘curiata’

72 1288 201 1318 comitia
221 1299 301 1320 esse:
326 1298 397 1318 cum
418 1299 456 1318 ex
476 1298 570 1317 censu
592 1289 623 1318 et
641 1289 752 1326 aetate,
773 1287 986 1326 ‘centuriata’3
1008 1298 1079 1318 cum

143 1397 157 1418 5
178 1392 249 1418 Serv.
266 1393 297 1418 A.
313 1392 375 1417 VIII
391 1395 441 1418 654
462 1391 538 1417 Paul.
555 1401 580 1425 p.
597 1394 639 1424 38,
656 1394 700 1422 13:
721 1395 780 1423 225,
796 1395 811 1418 8
831 1392 901 1417 Non.
917 1392 929 1417 I
946 1401 972 1425 p.
990 1394 1030 1423 23,
1047 1395 1079 1417 27

72 1427 180 1461 Narro)
200 1427 284 1453 Macr.
300 1428 311 1453 I
328 1431 368 1459 15,
386 1430 417 1453 10
439 1427 504 1453 CGL
520 1427 556 1452 VI
575 1430 623 1452 169
736 1430 751 1453 8
763 1436 820 1460 sqq.
843 1427 902 1453 Gai.
918 1427 943 1453 Π
960 1430 1007 1453 101
1021 1436 1079 1460 sqq.

72 1463 182 1496 Ulpian.
200 1463 249 1488 XX
270 1466 284 1488 2
307 1463 372 1489 lnst.
388 1463 412 1488 ΙΙ
429 1466 469 1493 10,
487 1466 498 1488 1
520 1463 592 1489 Fest.
609 1472 634 1496 p.
651 1466 710 1493 249,
726 1466 757 1488 :27
778 1463 855 1488 Paul.
872 1472 889 1496 p
916 1466 974 1495 109,
991 1466 1004 1488 7
1026 1462 1079 1489 Cic.

72 1499 123 1532 leg.
140 1499 164 1524 Π
180 1501 221 1530 20,
239 1502 270 1524 51
292 1498 363 1524 Plut.
381 1498 478 1524 Coriol.
496 1501 510 1523 9
657 1500 687 1524 19
699 1507 757 1532 sqq.
779 1499 838 1524 Gai.
854 1498 865 1524 Ι
882 1502 896 1524 3
916 1499 982 1524 Inst.
998 1499 1010 1524 I
1026 1502 1049 1530 2,
1065 1502 1080 1524 4

71 1534 140 1560 Plin.
158 1534 219 1559 XVI
236 1538 277 1565 10.
296 1536 327 1559 37
348 1534 410 1567 Dig.
427 1534 438 1559 I
454 1537 478 1565 2,
494 1536 517 1561 2.
534 1536 548 1557 S

143 1635 156 1656 2
177 1631 249 1664 regis
271 1639 409 1657 sacrorum
429 1640 444 1657 σ
459 1633 466 1664 ΙΙ
483 1634 496 1657 3
518 1632 545 1656 in
565 1640 632 1657 eras.
653 1633 673 1660 Ο,
687 1633 695 1664 Η
709 1635 724 1656 4
745 1631 868 1657 centurio
889 1631 945 1657 alia
965 1640 1019 1657 cur.
1041 1633 1073 1665 2}

73 1669 86 1692 ἰ’
107 1667 214 1692 hisdem
234 1667 289 1692 hiis
308 1669 325 1691 Z
349 1666 392 1692 his
413 1669 433 1695 Ο,
451 1668 459 1699 Η
479 1669 494 1691 S
515 1667 672 1693 distestatio
693 1667 752 1700 (dit.
768 1669 802 1700 X)
818 1676 837 1701 γ
855 1668 863 1700 ΙΙ
886 1670 916 1692 12
937 1668 1079 1700 mancipa-

71 1702 176 1728 tionem
192 1703 276 1728 Hert:
291 1703 353 1728 olim
369 1704 377 1734 ΙΙ
393 1705 424 1728 14
444 1702 505 1728 loco
526 1702 571 1728 leli
587 1705 604 1727 Ζ
618 1703 627 1735 Η
643 1705 674 1728 15
694 1703 760 1737 non]
780 1711 835 1728 non
852 1704 883 1728 ut
899 1705 919 1731 Q
933 1704 941 1735 ΙΙ
957 1705 988 1728 18
1008 1703 1079 1728 ferre

72 1738 198 1764 Huschke
213 1740 220 1771 Η
236 1741 268 1763 *22
289 1737 439 1764 utebantur
455 1739 485 1763 Π
500 1739 508 1770 Η
524 1740 555 1763 -23
577 1737 742 1764 dictatorem
756 1740 773 1763 Ζ
794 1738 915 1764 dict-ator
934 1746 994 1764 eam
1011 1748 1029 1772 γ
