1291 1912
520 36 594 63 xvn
613 39 627 62 5
1016 35 1077 66 199

71 117 229 149 beneficos
252 118 461 159 liberalesque
485 119 524 149 ad
547 118 592 158 id,
616 117 700 158 quod
724 117 761 147 de
786 117 925 148 amicitia
949 128 1077 157 quaere-

72 164 165 199 retur,
189 162 279 202 quasi
304 165 527 203 argumentum
551 162 770 203 exemplumve
795 162 877 192 sumi
902 172 966 192 non
986 172 1076 202 opor-

72 208 148 237 tere:
175 207 307 237 ‘eodem'
334 207 437 247 inquit
458 208 637 238 ‘simulacro
657 206 828 246 eademque
849 206 980 237 rationis
1001 207 1076 236 ima-

72 251 143 291 gine
172 251 311 282 amicitia
339 251 472 282 invicem
504 262 561 292 pro
586 253 771 292 argumento
797 251 879 281 sumi
904 252 1022 291 potest,
1051 251 1076 281 si

0 325 1 330 ,
46 309 57 327 5
74 296 143 335 quis
171 295 316 326 adfirmet
344 295 489 327 homines
518 296 674 327 beneficos
701 295 911 335 liberalesque
936 306 1002 326 esse
1027 294 1076 325 de-

73 339 144 370 bere
177 350 242 370 non
270 351 325 380 spe
354 340 460 380 aliqua
489 340 669 381 conpendii,
702 342 749 370 set
776 350 883 370 amore
912 342 943 370 et
971 339 1076 370 studio

71 383 253 415 honestatis.
292 384 414 415 Poterit
434 385 516 415 enim
536 384 742 416 consimiliter
757 384 800 415 ita
816 384 931 414 dicere:
952 383 1076 414 “Nam-
1107 391 1120 414 7

72 439 132 468 que
161 430 196 459 ut
224 429 396 459 amicitiam
426 440 490 459 non
519 440 573 469 spe
600 429 745 460 utilitatis
769 429 1004 468 amplectimur,
1033 429 1078 459 sic

72 472 204 504 benefici
237 473 446 513 liberalesque
480 484 543 504 non
574 474 692 515 gratiae
721 472 943 513 reciperandae
972 473 1077 503 studio

32 531 56 550 10
71 528 138 548 esse
166 517 353 548 debemus.''
404 517 525 548 Poterit
554 518 638 548 sane'
666 518 770 557 inquit
799 517 854 548 ‘ita
879 517 994 556 dicere,
1023 517 1077 548 sed
1106 526 1121 547 8

71 572 172 601 neque
205 562 344 593 amicitia
375 562 559 593 liberalitati
587 572 688 602 neque
716 562 890 593 liberalitas
919 562 1078 592 amicitiae

70 606 219 646 praebere
247 609 469 647 argumentum
498 609 616 647 potest,
644 617 715 638 cum
739 606 777 637 de
801 609 935 646 utraque
960 606 1078 647 pariter

71 651 260 690 quaeratur.'

136 694 223 726 Haec
247 695 301 726 ille
324 695 500 726 rhetoricus
524 696 639 726 artifex
663 695 764 726 dicere
785 694 972 736 quibusdam
994 695 1077 725 vide·
1106 703 1120 725 9

30 753 54 772 15
71 739 164 770 batur
196 740 296 780 perite
327 742 358 770 et
387 741 533 775 scienter,
567 740 620 770 sed
648 740 793 770 videlicet
822 750 893 770 eum
923 739 1077 770 vocabula

69 794 173 814 rerum
208 795 281 815 vera
311 785 514 825 ignoravisse.
566 783 648 815 Nam
677 784 890 815 beneficum
920 786 955 814 et
983 784 1077 815 libe·
1089 792 1122 815 10

69 828 183 859 ralem
206 828 337 859 Cicero
357 830 506 869 appellat,
530 829 573 859 ita
593 831 628 859 ut
647 828 830 869 philosophi
849 828 1074 869 appellandum

69 883 136 903 esse
165 875 307 913 censent,
339 884 404 904 non
433 885 517 907 811111,
547 874 614 913 qui,
642 875 677 904 ut
704 873 771 914 ipse
800 873 856 907 ait,
885 873 1074 904 beneficia

69 916 301 957 faeneratur,
325 918 379 948 sed
403 919 457 957 qui
481 918 618 959 benigne
637 918 713 948 facit
731 918 819 948 nulla
837 918 934 948 tacita
953 918 1075 948 ratione

30 974 55 994 zo
70 961 108 992 ad
136 962 292 993 utilitates
321 973 393 993 suas
419 963 622 993 redundante.
668 961 742 993 Non
766 973 840 1003 ergo
866 962 1000 993 obscuro
1025 973 1076 992 ne·
1089 970 1119 992 11

70 1016 131 1046 que
155 1006 305 1047 ambiguo
330 1010 518 1048 argumento
542 1018 617 1037 usus
637 1009 693 1046 est,
716 1006 769 1037 sed
789 1009 874 1037 certo
894 1009 988 1046 atque
1008 1017 1076 1046 per-

70 1050 193 1090 spieuo,
222 1051 391 1091 siquidem,
421 1052 475 1090 qui
504 1062 575 1081 vere
604 1051 762 1082 beneficus
790 1051 993 1091 liberalisque
1020 1053 1076 1090 est,

70 1105 132 1134 qua
160 1097 264 1126 mente
294 1096 373 1126 bene
401 1098 456 1126 aut
483 1096 657 1126 liberaliter
682 1095 789 1135 faciat,
817 1106 882 1126 non
906 1095 1075 1135 quaeritur.

70 1139 151 1170 Aliis
180 1140 263 1170 enim
292 1140 387 1181 longe
410 1140 593 1170 nominibus
617 1140 823 1180 appellandus
848 1142 907 1175 est,
936 1140 976 1179 si,
1004 1150 1076 1171 cum
1089 1148 1120 1170 12

31 1196 55 1215 25
70 1182 146 1214 talia
164 1184 249 1223 facit,
274 1185 322 1215 sui
342 1185 448 1225 potius
468 1195 563 1224 quam
583 1185 711 1215 alterius
730 1184 859 1215 iuvandi
880 1195 972 1215 causa
991 1184 1077 1215 facit.

70 1227 278 1259 Processisset
306 1231 411 1259 autem
436 1229 612 1270 argutatori
636 1229 688 1259 isti
712 1229 887 1259 fortassean
911 1228 1077 1269 reprehen·
1090 1237 1121 1259 13

71 1272 130 1312 sio,
155 1273 181 1303 si
205 1272 336 1304 Cicero
362 1273 405 1304 ita
430 1273 572 1304 dixisset:
598 1273 645 1304 ‘ut
669 1273 751 1304 enim
776 1273 916 1304 benefice
940 1273 1076 1304 liberali-

70 1318 180 1357 terque
208 1317 355 1358 facimus,
384 1328 448 1348 non
477 1320 512 1348 ut
540 1318 703 1358 exigamus
730 1318 890 1359 gratiam}
919 1318 1078 1348 videretru·

71 1361 153 1391 enim
187 1361 326 1393 benefice
354 1362 456 1393 facere
486 1362 580 1392 etiam
609 1362 641 1392 in
669 1373 734 1392 non
761 1362 937 1392 beneficum
967 1362 1077 1393 cadere

31 1417 57 1437 ao
71 1415 176 1446 posse,
209 1407 234 1436 si
267 1407 298 1437 id
327 1417 383 1447 per
410 1407 549 1446 aliquam
579 1407 849 1437 circumstantiam
878 1406 979 1443 fieret,
1012 1417 1077 1437 non

70 1460 127 1490 per
162 1450 263 1490 ipsam
296 1453 467 1491 perpetuae
502 1451 706 1492 benignitatis
739 1451 958 1481 constantiam.
1015 1450 1077 1481 Sed
1089 1459 1121 1481 14

72 1504 141 1524 cum
172 1494 341 1526 ‘beneficos
371 1495 590 1535 liberalesque'
621 1495 736 1526 dixerit
759 1506 862 1535 neque
885 1495 965 1526 alius
990 1495 1076 1526 modi

142 1619 156 1642 3
172 1626 192 1642 s.
208 1618 236 1643 et
251 1618 347 1643 eadem
361 1627 379 1651 γ
396 1618 399 1651 1
417 1617 549 1643 orationis
565 1619 587 1643 δ
601 1619 609 1650 Η
624 1620 639 1642 6
655 1617 769 1651 speciali
785 1626 840 1651 qua
850 1620 866 1642 Z
884 1619 887 1651 Ι
905 1617 1076 1651 compendiis

72 1652 100 1677 et
118 1653 140 1678 d
158 1653 166 1685 ss
187 1655 200 1678 7
221 1653 249 1678 id
270 1653 378 1679 adicere
398 1654 472 1686 (add.
489 1655 518 1681 Q»
539 1654 560 1679 d
579 1654 587 1686 Η
607 1656 621 1677 9
642 1653 838 1686 1881ρ18ηά13)8
857 1655 902 1678 ΝΖ
921 1655 929 1686 Η
950 1657 981 1678 12
1000 1655 1076 1679 utra-

73 1687 137 1722 que]
157 1690 177 1716 Q.
199 1690 317 1722 utroque
337 1699 357 1714 ω
377 1690 384 1722 ΙΙ
406 1692 437 1714 16
457 1688 621 1714 beneficium
641 1689 742 1715 δΠΧι
756 1690 764 1722 ΙΙ
781 1691 812 1714 19
831 1689 930 1723 tacita]
951 1689 1036 1715 eitate
1057 1692 1076 1717 Q,

71 1723 114 1748 —ta
129 1723 162 1751 αξ
178 1723 280 1749 citatus
295 1724 379 1750 Hertz
394 1726 402 1758 [Ι
418 1728 449 1749 *23
466 1725 574 1758 quaerit
590 1724 632 1750 Sk.
648 1725 656 1757 ΙΙ
671 1727 704 1750 26
718 1725 937 1758 argumentatori
953 1724 1076 1753 0Q2X²Z
