1291 1912
512 56 562 82 XV
582 60 609 90 13
630 59 645 82 2
1021 57 1082 88 127

72 138 156 169 lem’
186 138 290 178 inquit
320 138 680 169 ‘undevicensimum
707 138 741 175 Q.
768 137 918 170 Claudii
944 139 1085 180 legisses,

73 182 197 223 optumi
223 184 253 213 et
278 183 481 213 sincerissimi
506 183 678 223 scriptoris,
703 183 862 214 docuisset
885 185 916 214 te
940 183 1084 224 profecto

71 226 261 266 Archelaus,
299 227 381 268 regis
419 226 597 258 Mithridati
635 228 827 268 praefectus,
864 238 926 267 qua
963 228 1085 258 medela

72 282 198 311 quaque
235 271 377 302 sollertia
414 272 521 312 ignem
557 271 753 312 defenderes,
790 275 827 303 ut
859 283 897 302 ne
932 272 997 303 ulla
1030 274 1084 303 tua

45 316 249 346 saedificatio
283 327 299 346 e
332 316 420 357 ligno
455 318 600 357 correpta
633 318 728 356 atque
760 316 919 347 insinuata
947 316 1084 347 flammis

71 360 214 391 arderet.'

139 404 346 435 Percontatus
389 415 448 446 ego
491 416 575 444 sum,
617 405 692 445 quid
730 408 813 436 esset
850 405 929 436 illud
967 405 1110 438 mirun15

71 448 325 489 Quadrigarii.
375 448 516 490 Repetit:
547 448 595 480 ‘In
623 460 660 480 eo
689 449 789 491 igitur
816 450 899 480 libro
929 450 1110 490 scriptume

71 493 192 533 inveni,
221 505 292 524 cum
323 493 522 535 obpugnaret
551 493 585 524 L.
611 492 699 524 Sulla
728 494 761 524 in
789 496 872 525 terra
901 493 1008 525 Attica
1033 493 1083 524 Pi-

31 551 56 570 10
71 548 177 568 raeum
206 540 236 568 et
261 540 370 568 contra
394 537 570 568 Archelaus
595 539 677 579 regis
701 537 880 569 Mithridati
905 539 1083 579 praefectus

71 594 108 612 ex
133 593 169 613 eo
196 582 314 623 oppido
339 584 570 623 propugnaret,
593 583 706 613 turrim
730 583 870 624 ligneam
896 583 1083 614 defendendi

71 627 173 667 gratia
198 629 359 666 structam,
384 637 455 657 cum
480 638 518 657 ex
544 627 630 657 omni
654 627 752 658 latere
777 628 991 668 circumplexa
1015 627 1083 668 igni

70 672 165 709 foret,
194 671 303 702 ardere
332 682 396 702 non
425 671 544 711 quisse,
574 671 658 712 quod
687 672 826 703 alumine
855 672 894 703 ab
924 671 1082 703 Archelao

71 716 171 746 oblita
195 716 327 746 fuisset.’

31 773 55 793 15
138 759 244 791 Verba
260 759 504 801 Quadrigarii
521 771 559 790 ex
575 771 612 791 eo
627 760 709 791 libro
724 760 802 791 haec
813 763 887 792 sunt
899 762 952 800 (fr.
964 763 1003 792 81
1014 760 1081 801 P.,):
1094 772 1108 795 7

72 804 159 835 Cum
186 804 293 835 Sulla
316 807 475 835 conatus
500 807 601 836 esset
624 807 794 846 tempore
818 816 966 847 magno,
996 805 1081 836 edu—

71 849 126 880 xit
151 849 296 890 copias,
319 851 359 880 ut
378 848 559 880 Archelai
583 850 718 880 turrim
738 861 861 889 unam,
885 861 993 890 quam
1014 849 1081 880 ille

70 894 319 934 interposuit,
342 894 508 935 ligneam
534 893 762 925 incenderet.
806 893 934 934 Venit,
958 905 1082 925 acces-

70 938 133 978 sit,
166 938 271 979 ligna
304 938 489 977 subdidit,
523 938 716 969 submovit
747 938 922 979 Graecos,
956 939 1081 980 ignem

30 996 55 1015 2⁰
70 983 251 1022 admovit3
280 983 374 1013 satis
404 986 492 1013 sunt
517 983 579 1013 diu
605 983 746 1023 conati,
774 994 975 1023 numquam
1001 983 1081 1023 qui-

70 1030 206 1058 verunt
244 1026 459 1067 incendere3
496 1027 548 1057 ita
583 1026 793 1058 Archelaus
832 1039 975 1058 omnem
1008 1039 1082 1058 ma-

69 1072 203 1102 teriam
237 1072 436 1102 obleverat
468 1072 643 1102 alumine.
696 1071 800 1109 Quod
831 1071 936 1103 Sulla
967 1074 1081 1112 atque

69 1116 213 1147 milites
247 1116 498 1155 mirabantur,
531 1118 567 1146 et
596 1118 794 1157 postquam
825 1128 898 1147 non
927 1127 1080 1148 succen-

70 1160 138 1200 dit,
162 1160 314 1191 reduxit
339 1161 476 1201 copias.

30 1244 55 1264 25
560 1230 592 1262 Π

69 1291 147 1323 Quod
171 1292 251 1318 Plato
280 1292 308 1317 in
338 1292 429 1324 libris
450 1300 527 1332 'quos
557 1292 590 1317 de
615 1292 724 1325 legibus
750 1293 917 1333 composuit
946 1292 1080 1326 largiores

104 1327 289 1360 laetioresque
320 1328 348 1353 in
378 1314 509 1353 0011111115
539 1327 768 1353 invitatiunculas
797 1329 854 1354 viui
883 1337 937 1353 nou
966 1328 1080 1354 inutiles

104 1370 163 1389 esse
184 1363 360 1389 existimant

134 1426 184 1457 Ex
213 1427 317 1458 insula
346 1426 438 1458 Creta
467 1427 625 1467 quispiam
655 1429 790 1458 aetatem
817 1426 952 1458 Athenis
982 1437 1105 1469 agens1

30 1483 56 1503 ao
68 1469 269 1502 Platonicum
300 1482 366 1502 sese
394 1471 623 1512 philosophum
653 1471 778 1502 dicebat
806 1475 837 1503 et
865 1472 1000 1503 viderier
1028 1483 1079 1513 ge—

142 1560 195 1583 13
204 1558 474 1592 A1nm.XX11,13)

141 1642 170 1663 11
192 1638 268 1671 ligne
289 1646 320 1664 ac
340 1641 357 1663 Z
380 1638 503 1672 ligneam
524 1647 555 1664 ac
576 1641 596 1667 Q
614 1640 623 1672 ΙΙ
644 1642 674 1664 12
695 1648 757 1664 cum
777 1647 826 1665 om.
845 1640 889 1672 <541
906 1642 937 1665 16
958 1639 1036 1673 Cum]
1057 1640 1080 1665 <5

69 1674 126 1698 tum
148 1683 165 1707 γ
191 1675 194 1707 Ι
220 1682 257 1699 (ιη
282 1674 447 1700 cunctatus?
473 1676 476 1708 1
503 1675 587 1708 esset]
608 1677 628 1703 Q,
652 1676 693 1700 est
717 1676 745 1701 et
765 1685 785 1700 ω
811 1676 814 1708 Ι
841 1683 923 1708 opere
943 1675 1080 1708 Lipsius-‘J

71 1711 102 1734 18
126 1709 258 1742 imposuit
284 1711 316 1735 Π
338 1711 346 1743 Η
370 1712 400 1735 21
425 1710 496 1736 Item
521 1713 541 1738 Q,
568 1710 643 1736 idem
665 1709 779 1736 Salmas.
804 1712 812 1743 ΙΙ
837 1714 869 1736 26
895 1710 1005 1743 scripsit
1026 1712 1080 1744 ΠῙΙ

69 1746 102 1769 30
122 1745 192 1779 sese]
213 1752 272 1771 esse
289 1746 342 1770 ΠΖ
362 1753 421 1771 esse
441 1754 469 1772 se
484 1748 553 1779 Ngo‘)
572 1763 573 1778 ³
590 1746 731 1780 gestiebat
746 1746 804 1774 Qc³
822 1746 954 1780 gestabat
969 1749 986 1771 Z
