<?xml version="1.0" encoding="UTF-8"?>
<!DOCTYPE html PUBLIC "-//W3C//DTD XHTML 1.0 Transitional//EN"
    "http://www.w3.org/TR/xhtml1/DTD/xhtml1-transitional.dtd">
<html xmlns="http://www.w3.org/1999/xhtml" xml:lang="en" lang="en">
 <head>
  <title>
</title>
<meta http-equiv="Content-Type" content="text/html;charset=utf-8" />
  <meta name='ocr-system' content='tesseract 3.04.00' />
  <meta name='ocr-capabilities' content='ocr_page ocr_carea ocr_par ocr_line ocrx_word'/>
</head>
<body>
  <div class='ocr_page' id='page_1' title='image "./agelliinoctiumat02gelluoft_0097.png"; bbox 0 0 1291 1912; ppageno 0'>
   <div class='ocr_carea' id='block_1_1' title="bbox 56 540 79 559">
    <p class='ocr_par' dir='ltr' id='par_1_1' title="bbox 56 540 79 559">
     <span class='ocr_line' id='line_1_1' title="bbox 56 540 79 559; baseline 0.043 -1"><span class='ocrx_word' id='word_1_1' title='bbox 56 540 79 559; x_wconf 84' lang='lat'>10</span> 
     </span>
    </p>
   </div>
   <div class='ocr_carea' id='block_1_2' title="bbox 54 780 77 799">
    <p class='ocr_par' dir='ltr' id='par_1_2' title="bbox 54 780 77 799">
     <span class='ocr_line' id='line_1_2' title="bbox 54 780 77 799; baseline 0 0"><span class='ocrx_word' id='word_1_2' title='bbox 54 780 77 799; x_wconf 89' lang='lat'>15</span> 
     </span>
    </p>
   </div>
   <div class='ocr_carea' id='block_1_3' title="bbox 510 43 1105 77">
    <p class='ocr_par' dir='ltr' id='par_1_3' title="bbox 510 43 1105 77">
     <span class='ocr_line' id='line_1_3' title="bbox 510 43 1105 77; baseline 0.01 -9"><span class='ocrx_word' id='word_1_3' title='bbox 510 43 572 69; x_wconf 78' lang='grc' dir='ltr'>ΧΠΙ</span> <span class='ocrx_word' id='word_1_4' title='bbox 592 46 624 69; x_wconf 74' lang='lat'>‘25</span> <span class='ocrx_word' id='word_1_5' title='bbox 644 44 698 77; x_wconf 76' lang='lat'>(24)</span> <span class='ocrx_word' id='word_1_6' title='bbox 1066 44 1105 74; x_wconf 86' lang='lat'>91</span> 
     </span>
    </p>
   </div>
   <div class='ocr_carea' id='block_1_4' title="bbox 93 124 1149 656">
    <p class='ocr_par' dir='ltr' id='par_1_4' title="bbox 94 124 1149 566">
     <span class='ocr_line' id='line_1_4' title="bbox 98 124 1107 167; baseline -0.001 -10"><span class='ocrx_word' id='word_1_7' title='bbox 98 127 186 167; x_wconf 86' lang='lat' dir='ltr'>(V1</span> <span class='ocrx_word' id='word_1_8' title='bbox 210 126 268 159; x_wconf 85' lang='lat' dir='ltr'><em>J.):</em></span> <span class='ocrx_word' id='word_1_9' title='bbox 307 124 392 156; x_wconf 81' lang='lat' dir='ltr'>Seio</span> <span class='ocrx_word' id='word_1_10' title='bbox 432 126 553 156; x_wconf 85' lang='lat' dir='ltr'>solere</span> <span class='ocrx_word' id='word_1_11' title='bbox 590 125 784 165; x_wconf 82' lang='lat' dir='ltr'>plerisque</span> <span class='ocrx_word' id='word_1_12' title='bbox 816 124 1036 156; x_wconf 87' lang='lat' dir='ltr'>hominibus</span> <span class='ocrx_word' id='word_1_13' title='bbox 1070 126 1107 156; x_wconf 88' lang='lat' dir='ltr'>in</span> 
     </span>
     <span class='ocr_line' id='line_1_5' title="bbox 97 170 1106 210; baseline -0.002 -8"><span class='ocrx_word' id='word_1_14' title='bbox 97 171 208 202; x_wconf 88' lang='lat' dir='ltr'>rebus</span> <span class='ocrx_word' id='word_1_15' title='bbox 238 170 413 201; x_wconf 86' lang='lat' dir='ltr'>secundis</span> <span class='ocrx_word' id='word_1_16' title='bbox 443 172 555 210; x_wconf 87' lang='lat' dir='ltr'>atque</span> <span class='ocrx_word' id='word_1_17' title='bbox 584 170 747 210; x_wconf 79' lang='lat' dir='ltr'>prolixis</span> <span class='ocrx_word' id='word_1_18' title='bbox 774 172 887 210; x_wconf 83' lang='lat' dir='ltr'>atque</span> <span class='ocrx_word' id='word_1_19' title='bbox 912 170 1106 210; x_wconf 81' lang='lat' dir='ltr'><strong>prosperis</strong></span> 
     </span>
     <span class='ocr_line' id='line_1_6' title="bbox 97 214 1105 254; baseline -0.001 -8"><span class='ocrx_word' id='word_1_20' title='bbox 97 215 259 246; x_wconf 87' lang='lat' dir='ltr'>animum</span> <span class='ocrx_word' id='word_1_21' title='bbox 285 215 472 245; x_wconf 82' lang='lat' dir='ltr'>excellere</span> <span class='ocrx_word' id='word_1_22' title='bbox 497 216 609 254; x_wconf 87' lang='lat' dir='ltr'>atque</span> <span class='ocrx_word' id='word_1_23' title='bbox 634 214 849 254; x_wconf 84' lang='lat' dir='ltr'>superbiam</span> <span class='ocrx_word' id='word_1_24' title='bbox 873 216 986 254; x_wconf 86' lang='lat' dir='ltr'>atque</span> <span class='ocrx_word' id='word_1_25' title='bbox 1008 214 1105 245; x_wconf 88' lang='lat' dir='ltr'>fero-</span> 
     </span>
     <span class='ocr_line' id='line_1_7' title="bbox 97 257 1149 300; baseline -0.001 -10"><span class='ocrx_word' id='word_1_26' title='bbox 97 260 189 291; x_wconf 81' lang='lat' dir='ltr'>ciam</span> <span class='ocrx_word' id='word_1_27' title='bbox 222 270 434 300; x_wconf 75' lang='lat' dir='ltr'>augescere.</span> <span class='ocrx_word' id='word_1_28' title='bbox 485 258 597 289; x_wconf 88' lang='lat' dir='ltr'>Itidem</span> <span class='ocrx_word' id='word_1_29' title='bbox 627 257 718 289; x_wconf 86' lang='lat' dir='ltr'>Cato</span> <span class='ocrx_word' id='word_1_30' title='bbox 748 270 785 289; x_wconf 84' lang='lat' dir='ltr'>ex</span> <span class='ocrx_word' id='word_1_31' title='bbox 817 259 1006 300; x_wconf 83' lang='lat' dir='ltr'>originum</span> <span class='ocrx_word' id='word_1_32' title='bbox 1036 258 1149 289; x_wconf 78' lang='lat' dir='ltr'>VH.15</span> 
     </span>
     <span class='ocr_line' id='line_1_8' title="bbox 96 302 1105 344; baseline -0.001 -9"><span class='ocrx_word' id='word_1_33' title='bbox 96 306 148 344; x_wconf 80' lang='lat' dir='ltr'>(fr.</span> <span class='ocrx_word' id='word_1_34' title='bbox 174 306 235 335; x_wconf 72' lang='lat'>108</span> <span class='ocrx_word' id='word_1_35' title='bbox 259 303 312 337; x_wconf 90' lang='lat' dir='ltr'>P.)</span> <span class='ocrx_word' id='word_1_36' title='bbox 348 304 382 334; x_wconf 89' lang='lat' dir='ltr'>in</span> <span class='ocrx_word' id='word_1_37' title='bbox 415 304 601 343; x_wconf 79' lang='lat' dir='ltr'>oratione,</span> <span class='ocrx_word' id='word_1_38' title='bbox 638 314 733 343; x_wconf 88' lang='lat' dir='ltr'>quam</span> <span class='ocrx_word' id='word_1_39' title='bbox 768 306 899 334; x_wconf 82' lang='lat' dir='ltr'>eontra</span> <span class='ocrx_word' id='word_1_40' title='bbox 933 302 1105 334; x_wconf 82' lang='lat' dir='ltr'>Servium</span> 
     </span>
     <span class='ocr_line' id='line_1_9' title="bbox 96 347 1104 388; baseline 0 -9"><span class='ocrx_word' id='word_1_41' title='bbox 96 347 248 379; x_wconf 84' lang='lat' dir='ltr'>Galbam</span> <span class='ocrx_word' id='word_1_42' title='bbox 279 348 371 387; x_wconf 79' lang='lat' dir='ltr'>dixit,</span> <span class='ocrx_word' id='word_1_43' title='bbox 402 347 608 388; x_wconf 83' lang='lat' dir='ltr'>conpluribus</span> <span class='ocrx_word' id='word_1_44' title='bbox 632 347 795 378; x_wconf 82' lang='lat' dir='ltr'>vocabulis</span> <span class='ocrx_word' id='word_1_45' title='bbox 821 358 915 388; x_wconf 87' lang='lat' dir='ltr'>super</span> <span class='ocrx_word' id='word_1_46' title='bbox 939 348 1047 378; x_wconf 88' lang='lat' dir='ltr'>eadem</span> <span class='ocrx_word' id='word_1_47' title='bbox 1072 359 1104 379; x_wconf 91' lang='lat' dir='ltr'>re</span> 
     </span>
     <span class='ocr_line' id='line_1_10' title="bbox 94 391 1104 432; baseline -0.001 -8"><span class='ocrx_word' id='word_1_48' title='bbox 94 404 169 424; x_wconf 87' lang='lat' dir='ltr'>usus</span> <span class='ocrx_word' id='word_1_49' title='bbox 194 395 241 424; x_wconf 88' lang='lat' dir='ltr'>est</span> <span class='ocrx_word' id='word_1_50' title='bbox 264 391 546 432; x_wconf 61' lang='lat' dir='ltr'>(()RF2p.12-3):</span> <span class='ocrx_word' id='word_1_51' title='bbox 571 391 689 423; x_wconf 87' lang='lat' dir='ltr'>Multa</span> <span class='ocrx_word' id='word_1_52' title='bbox 714 403 767 423; x_wconf 88' lang='lat' dir='ltr'>me</span> <span class='ocrx_word' id='word_1_53' title='bbox 793 392 993 423; x_wconf 71' lang='lat' dir='ltr'><strong>dehortata</strong></span> <span class='ocrx_word' id='word_1_54' title='bbox 1018 395 1104 423; x_wconf 87' lang='lat' dir='ltr'>sunt</span> 
     </span>
     <span class='ocr_line' id='line_1_11' title="bbox 94 437 1104 478; baseline 0 -10"><span class='ocrx_word' id='word_1_55' title='bbox 94 437 165 468; x_wconf 83' lang='lat' dir='ltr'>huc</span> <span class='ocrx_word' id='word_1_56' title='bbox 192 437 358 478; x_wconf 73' lang='lat' dir='ltr'>prodire,</span> <span class='ocrx_word' id='word_1_57' title='bbox 386 437 487 471; x_wconf 79' lang='lat' dir='ltr'>anni.</span> <span class='ocrx_word' id='word_1_58' title='bbox 516 439 633 476; x_wconf 87' lang='lat' dir='ltr'>aetas,</span> <span class='ocrx_word' id='word_1_59' title='bbox 661 447 745 475; x_wconf 80' lang='lat' dir='ltr'>vox,</span> <span class='ocrx_word' id='word_1_60' title='bbox 774 437 886 477; x_wconf 83' lang='lat' dir='ltr'>vires,</span> <span class='ocrx_word' id='word_1_61' title='bbox 915 439 1104 477; x_wconf 80' lang='lat' dir='ltr'>senectus3</span> 
     </span>
     <span class='ocr_line' id='line_1_12' title="bbox 94 482 1103 523; baseline -0.001 -10"><span class='ocrx_word' id='word_1_62' title='bbox 94 493 220 513; x_wconf 89' lang='lat' dir='ltr'>verum</span> <span class='ocrx_word' id='word_1_63' title='bbox 250 482 440 512; x_wconf 84' lang='lat' dir='ltr'>enimvero</span> <span class='ocrx_word' id='word_1_64' title='bbox 471 492 550 511; x_wconf 84' lang='lat' dir='ltr'>eum</span> <span class='ocrx_word' id='word_1_65' title='bbox 580 483 723 512; x_wconf 86' lang='lat' dir='ltr'>tantam</span> <span class='ocrx_word' id='word_1_66' title='bbox 750 492 825 511; x_wconf 89' lang='lat' dir='ltr'>rem</span> <span class='ocrx_word' id='word_1_67' title='bbox 850 482 1026 523; x_wconf 82' lang='lat' dir='ltr'>peragier</span> <span class='ocrx_word' id='word_1_68' title='bbox 1049 492 1103 512; x_wconf 88' lang='lat' dir='ltr'>ar-</span> 
     </span>
     <span class='ocr_line' id='line_1_13' title="bbox 96 526 358 566; baseline -0.004 -9"><span class='ocrx_word' id='word_1_69' title='bbox 96 526 272 566; x_wconf 73' lang='lat' dir='ltr'>bitrarer,</span> <span class='ocrx_word' id='word_1_70' title='bbox 299 539 358 556; x_wconf 57' lang='grc' dir='ltr'>να.</span> 
     </span>
    </p>

    <p class='ocr_par' dir='ltr' id='par_1_5' title="bbox 93 569 1148 656">
     <span class='ocr_line' id='line_1_14' title="bbox 161 569 1148 610; baseline 0 -9"><span class='ocrx_word' id='word_1_71' title='bbox 161 570 221 601; x_wconf 81' lang='lat' dir='ltr'>Sed</span> <span class='ocrx_word' id='word_1_72' title='bbox 241 572 313 601; x_wconf 81' lang='lat' dir='ltr'>ante</span> <span class='ocrx_word' id='word_1_73' title='bbox 334 571 436 600; x_wconf 86' lang='lat' dir='ltr'>omnis</span> <span class='ocrx_word' id='word_1_74' title='bbox 456 570 540 610; x_wconf 85' lang='lat' dir='ltr'>apud</span> <span class='ocrx_word' id='word_1_75' title='bbox 561 569 762 600; x_wconf 79' lang='lat' dir='ltr'>Homerum</span> <span class='ocrx_word' id='word_1_76' title='bbox 783 570 923 601; x_wconf 88' lang='lat' dir='ltr'>eiusdem</span> <span class='ocrx_word' id='word_1_77' title='bbox 943 571 988 601; x_wconf 89' lang='lat' dir='ltr'>rei</span> <span class='ocrx_word' id='word_1_78' title='bbox 1008 572 1104 610; x_wconf 87' lang='lat' dir='ltr'>atque</span> <span class='ocrx_word' id='word_1_79' title='bbox 1116 578 1148 601; x_wconf 87' lang='grc'>16</span> 
     </span>
     <span class='ocr_line' id='line_1_15' title="bbox 93 614 1014 656; baseline -0.001 -10"><span class='ocrx_word' id='word_1_80' title='bbox 93 616 267 646; x_wconf 84' lang='lat' dir='ltr'>sententiae</span> <span class='ocrx_word' id='word_1_81' title='bbox 291 615 453 645; x_wconf 83' lang='lat' dir='ltr'>luculenta</span> <span class='ocrx_word' id='word_1_82' title='bbox 478 614 681 656; x_wconf 74' lang='lat' dir='ltr'>exaggeratio</span> <span class='ocrx_word' id='word_1_83' title='bbox 707 616 754 645; x_wconf 84' lang='lat' dir='ltr'>est</span> <span class='ocrx_word' id='word_1_84' title='bbox 778 614 836 653; x_wconf 77' lang='lat' dir='ltr'>(H.</span> <span class='ocrx_word' id='word_1_85' title='bbox 858 614 913 645; x_wconf 86' lang='lat' dir='ltr'>XI</span> <span class='ocrx_word' id='word_1_86' title='bbox 926 617 1014 653; x_wconf 63' lang='lat'><strong>1657:</strong></span> 
     </span>
    </p>
   </div>
   <div class='ocr_carea' id='block_1_5' title="bbox 128 675 1103 849">
    <p class='ocr_par' dir='ltr' id='par_1_6' title="bbox 128 675 1103 761">
     <span class='ocr_line' id='line_1_16' title="bbox 128 675 1103 718; baseline -0.001 -10"><span class='ocrx_word' id='word_1_87' title='bbox 128 677 290 718; x_wconf 67' lang='grc' dir='ltr'><strong>’Έκτορα</strong></span> <span class='ocrx_word' id='word_1_88' title='bbox 324 675 352 707; x_wconf 86' lang='grc' dir='ltr'>ὁ’</span> <span class='ocrx_word' id='word_1_89' title='bbox 386 676 424 708; x_wconf 75' lang='grc' dir='ltr'>ἐκ</span> <span class='ocrx_word' id='word_1_90' title='bbox 457 676 602 716; x_wconf 74' lang='grc' dir='ltr'><em>βελέων</em></span> <span class='ocrx_word' id='word_1_91' title='bbox 630 676 751 716; x_wconf 80' lang='grc' dir='ltr'><em>ὕπαγε</em></span> <span class='ocrx_word' id='word_1_92' title='bbox 783 677 879 713; x_wconf 76' lang='grc' dir='ltr'><em>Ζεὺς</em></span> <span class='ocrx_word' id='word_1_93' title='bbox 907 677 946 707; x_wconf 82' lang='grc' dir='ltr'>ἔκ</span> <span class='ocrx_word' id='word_1_94' title='bbox 975 688 1012 708; x_wconf 80' lang='grc' dir='ltr'>τε</span> <span class='ocrx_word' id='word_1_95' title='bbox 1041 688 1103 707; x_wconf 90' lang='grc' dir='ltr'>κο-</span> 
     </span>
     <span class='ocr_line' id='line_1_17' title="bbox 677 722 762 761; baseline 0 -10"><span class='ocrx_word' id='word_1_96' title='bbox 677 722 762 761; x_wconf 79' lang='grc' dir='ltr'><em>νίης</em></span> 
     </span>
    </p>

    <p class='ocr_par' dir='ltr' id='par_1_7' title="bbox 136 763 1103 849">
     <span class='ocr_line' id='line_1_18' title="bbox 136 763 1103 806; baseline 0 -9"><span class='ocrx_word' id='word_1_97' title='bbox 136 764 176 797; x_wconf 75' lang='grc' dir='ltr'>ἔκ</span> <span class='ocrx_word' id='word_1_98' title='bbox 204 765 231 797; x_wconf 90' lang='grc' dir='ltr'>τ’</span> <span class='ocrx_word' id='word_1_99' title='bbox 264 765 552 806; x_wconf 75' lang='grc' dir='ltr'><strong><em>ἀνδροκτασίης</em></strong></span> <span class='ocrx_word' id='word_1_100' title='bbox 580 766 619 796; x_wconf 80' lang='grc' dir='ltr'>ἔκ</span> <span class='ocrx_word' id='word_1_101' title='bbox 646 763 680 796; x_wconf 85' lang='grc' dir='ltr'>θ’</span> <span class='ocrx_word' id='word_1_102' title='bbox 714 766 875 806; x_wconf 75' lang='grc' dir='ltr'><em>αἵματος</em></span> <span class='ocrx_word' id='word_1_103' title='bbox 903 764 942 796; x_wconf 78' lang='grc' dir='ltr'>ἔκ</span> <span class='ocrx_word' id='word_1_104' title='bbox 971 777 1009 797; x_wconf 85' lang='grc' dir='ltr'>τε</span> <span class='ocrx_word' id='word_1_105' title='bbox 1038 778 1103 797; x_wconf 81' lang='grc' dir='ltr'>κυ-</span> 
     </span>
     <span class='ocr_line' id='line_1_19' title="bbox 678 810 827 849; baseline 0 -9"><span class='ocrx_word' id='word_1_106' title='bbox 678 810 827 849; x_wconf 81' lang='grc' dir='ltr'><em>δοιμοῦ.</em></span> 
     </span>
    </p>
   </div>
   <div class='ocr_carea' id='block_1_6' title="bbox 92 871 1102 975">
    <p class='ocr_par' dir='ltr' id='par_1_8' title="bbox 92 871 1102 975">
     <span class='ocr_line' id='line_1_20' title="bbox 92 871 708 912; baseline -0.002 -9"><span class='ocrx_word' id='word_1_107' title='bbox 92 872 171 903; x_wconf 88' lang='lat' dir='ltr'>Item</span> <span class='ocrx_word' id='word_1_108' title='bbox 196 873 259 903; x_wconf 83' lang='lat' dir='ltr'>alio</span> <span class='ocrx_word' id='word_1_109' title='bbox 284 873 317 903; x_wconf 97' lang='grc'>111</span> <span class='ocrx_word' id='word_1_110' title='bbox 341 883 433 903; x_wconf 82' lang='lat' dir='ltr'>versu</span> <span class='ocrx_word' id='word_1_111' title='bbox 459 871 532 909; x_wconf 70' lang='lat' dir='ltr'><em>(Od.</em></span> <span class='ocrx_word' id='word_1_112' title='bbox 549 871 607 902; x_wconf 89' lang='lat' dir='ltr'>XI</span> <span class='ocrx_word' id='word_1_113' title='bbox 618 873 708 912; x_wconf 75' lang='lat'><em>612):</em></span> 
     </span>
     <span class='ocr_line' id='line_1_21' title="bbox 136 933 1102 975; baseline -0.001 -9"><span class='ocrx_word' id='word_1_114' title='bbox 136 934 301 975; x_wconf 77' lang='grc' dir='ltr'><em>ὑσμῖναί</em></span> <span class='ocrx_word' id='word_1_115' title='bbox 318 946 355 965; x_wconf 85' lang='grc' dir='ltr'>τε</span> <span class='ocrx_word' id='word_1_116' title='bbox 375 936 494 975; x_wconf 81' lang='grc' dir='ltr'><em>μαχαί</em></span> <span class='ocrx_word' id='word_1_117' title='bbox 512 946 548 964; x_wconf 81' lang='grc' dir='ltr'>τε</span> <span class='ocrx_word' id='word_1_118' title='bbox 570 935 686 974; x_wconf 80' lang='grc' dir='ltr'><em>φόνοι</em></span> <span class='ocrx_word' id='word_1_119' title='bbox 706 933 735 965; x_wconf 80' lang='grc' dir='ltr'>τ’</span> <span class='ocrx_word' id='word_1_120' title='bbox 754 934 1035 975; x_wconf 75' lang='grc' dir='ltr'><em>ἀνδροκτασίαι</em></span> <span class='ocrx_word' id='word_1_121' title='bbox 1056 946 1102 966; x_wconf 79' lang='grc' dir='ltr'>τε.</span> 
     </span>
    </p>
   </div>
   <div class='ocr_carea' id='block_1_7' title="bbox 91 995 1146 1038">
    <p class='ocr_par' dir='ltr' id='par_1_9' title="bbox 91 995 1146 1038">
     <span class='ocr_line' id='line_1_22' title="bbox 91 995 1146 1038; baseline 0 -11"><span class='ocrx_word' id='word_1_122' title='bbox 91 995 174 1027; x_wconf 87' lang='lat' dir='ltr'>Nam</span> <span class='ocrx_word' id='word_1_123' title='bbox 204 1007 275 1027; x_wconf 89' lang='lat' dir='ltr'>cum</span> <span class='ocrx_word' id='word_1_124' title='bbox 305 996 411 1026; x_wconf 81' lang='lat' dir='ltr'>omnia</span> <span class='ocrx_word' id='word_1_125' title='bbox 440 996 500 1026; x_wconf 84' lang='lat' dir='ltr'>ista</span> <span class='ocrx_word' id='word_1_126' title='bbox 525 995 694 1035; x_wconf 76' lang='lat' dir='ltr'>utrobique</span> <span class='ocrx_word' id='word_1_127' title='bbox 719 997 819 1027; x_wconf 83' lang='lat' dir='ltr'>multa</span> <span class='ocrx_word' id='word_1_128' title='bbox 844 999 875 1027; x_wconf 88' lang='lat' dir='ltr'>et</span> <span class='ocrx_word' id='word_1_129' title='bbox 899 998 1102 1038; x_wconf 81' lang='lat' dir='ltr'>eognominia</span> <span class='ocrx_word' id='word_1_130' title='bbox 1115 1005 1146 1027; x_wconf 83' lang='lat'>17</span> 
     </span>
    </p>
   </div>
   <div class='ocr_carea' id='block_1_8' title="bbox 52 1041 1102 1081">
    <p class='ocr_par' dir='ltr' id='par_1_10' title="bbox 52 1041 1102 1081">
     <span class='ocr_line' id='line_1_23' title="bbox 52 1041 1102 1081; baseline 0 -9"><span class='ocrx_word' id='word_1_131' title='bbox 52 1055 62 1067; x_wconf 69' lang='grc' dir='ltr'><strong>ο</strong></span> <span class='ocrx_word' id='word_1_132' title='bbox 91 1041 171 1072; x_wconf 79' lang='grc'><strong>1111111</strong></span> <span class='ocrx_word' id='word_1_133' title='bbox 200 1041 271 1081; x_wconf 86' lang='lat' dir='ltr'>plus</span> <span class='ocrx_word' id='word_1_134' title='bbox 301 1041 518 1071; x_wconf 77' lang='lat' dir='ltr'>demonstrent</span> <span class='ocrx_word' id='word_1_135' title='bbox 547 1051 641 1079; x_wconf 85' lang='lat' dir='ltr'>quam</span> <span class='ocrx_word' id='word_1_136' title='bbox 671 1041 842 1081; x_wconf 79' lang='lat' dir='ltr'>proelium,</span> <span class='ocrx_word' id='word_1_137' title='bbox 873 1041 966 1072; x_wconf 84' lang='lat' dir='ltr'>huius</span> <span class='ocrx_word' id='word_1_138' title='bbox 996 1044 1102 1072; x_wconf 83' lang='lat' dir='ltr'>tamen</span> 
     </span>
    </p>
   </div>
   <div class='ocr_carea' id='block_1_9' title="bbox 92 1084 1145 1260">
    <p class='ocr_par' dir='ltr' id='par_1_11' title="bbox 92 1084 1145 1260">
     <span class='ocr_line' id='line_1_24' title="bbox 92 1084 1102 1117; baseline 0 -1"><span class='ocrx_word' id='word_1_139' title='bbox 92 1086 136 1116; x_wconf 90' lang='lat' dir='ltr'>rei</span> <span class='ocrx_word' id='word_1_140' title='bbox 164 1085 250 1116; x_wconf 82' lang='lat' dir='ltr'>varia</span> <span class='ocrx_word' id='word_1_141' title='bbox 279 1085 375 1116; x_wconf 82' lang='lat' dir='ltr'>facies</span> <span class='ocrx_word' id='word_1_142' title='bbox 405 1084 635 1115; x_wconf 79' lang='lat' dir='ltr'>delectabiliter</span> <span class='ocrx_word' id='word_1_143' title='bbox 661 1095 697 1115; x_wconf 83' lang='lat' dir='ltr'>ac</span> <span class='ocrx_word' id='word_1_144' title='bbox 724 1085 835 1116; x_wconf 77' lang='lat' dir='ltr'>decore</span> <span class='ocrx_word' id='word_1_145' title='bbox 860 1086 970 1116; x_wconf 87' lang='lat' dir='ltr'>multis</span> <span class='ocrx_word' id='word_1_146' title='bbox 994 1087 1102 1117; x_wconf 81' lang='lat' dir='ltr'>variis-</span> 
     </span>
     <span class='ocr_line' id='line_1_25' title="bbox 92 1128 1145 1171; baseline 0 -11"><span class='ocrx_word' id='word_1_147' title='bbox 92 1141 152 1170; x_wconf 91' lang='lat' dir='ltr'>que</span> <span class='ocrx_word' id='word_1_148' title='bbox 177 1129 280 1160; x_wconf 89' lang='lat' dir='ltr'>verbis</span> <span class='ocrx_word' id='word_1_149' title='bbox 305 1130 429 1170; x_wconf 82' lang='lat' dir='ltr'>depicta</span> <span class='ocrx_word' id='word_1_150' title='bbox 454 1131 508 1160; x_wconf 85' lang='lat' dir='ltr'>est.</span> <span class='ocrx_word' id='word_1_151' title='bbox 555 1128 668 1169; x_wconf 86' lang='lat' dir='ltr'>Neque</span> <span class='ocrx_word' id='word_1_152' title='bbox 692 1140 757 1160; x_wconf 91' lang='lat' dir='ltr'>non</span> <span class='ocrx_word' id='word_1_153' title='bbox 780 1130 835 1160; x_wconf 86' lang='lat' dir='ltr'>illa</span> <span class='ocrx_word' id='word_1_154' title='bbox 860 1141 987 1170; x_wconf 89' lang='lat' dir='ltr'>quoque</span> <span class='ocrx_word' id='word_1_155' title='bbox 1011 1133 1145 1171; x_wconf 54' lang='lat' dir='ltr'>aputlss</span> 
     </span>
     <span class='ocr_line' id='line_1_26' title="bbox 93 1173 1100 1215; baseline 0.001 -11"><span class='ocrx_word' id='word_1_156' title='bbox 93 1174 247 1205; x_wconf 89' lang='lat' dir='ltr'>eundem</span> <span class='ocrx_word' id='word_1_157' title='bbox 272 1176 421 1215; x_wconf 87' lang='lat' dir='ltr'>poetam</span> <span class='ocrx_word' id='word_1_158' title='bbox 446 1184 508 1204; x_wconf 86' lang='lat' dir='ltr'>una</span> <span class='ocrx_word' id='word_1_159' title='bbox 533 1174 565 1204; x_wconf 82' lang='lat' dir='ltr'>in</span> <span class='ocrx_word' id='word_1_160' title='bbox 585 1173 708 1204; x_wconf 84' lang='lat' dir='ltr'>duobus</span> <span class='ocrx_word' id='word_1_161' title='bbox 728 1174 832 1205; x_wconf 86' lang='lat' dir='ltr'>verbis</span> <span class='ocrx_word' id='word_1_162' title='bbox 853 1176 1008 1205; x_wconf 86' lang='lat' dir='ltr'>sententia</span> <span class='ocrx_word' id='word_1_163' title='bbox 1029 1186 1100 1206; x_wconf 87' lang='lat' dir='ltr'>cum</span> 
     </span>
     <span class='ocr_line' id='line_1_27' title="bbox 93 1217 1103 1260; baseline 0.001 -11"><span class='ocrx_word' id='word_1_164' title='bbox 93 1219 219 1260; x_wconf 84' lang='lat' dir='ltr'>egregia</span> <span class='ocrx_word' id='word_1_165' title='bbox 246 1219 369 1249; x_wconf 87' lang='lat' dir='ltr'>ratione</span> <span class='ocrx_word' id='word_1_166' title='bbox 398 1219 532 1258; x_wconf 84' lang='lat' dir='ltr'>repetita</span> <span class='ocrx_word' id='word_1_167' title='bbox 561 1220 621 1248; x_wconf 89' lang='lat' dir='ltr'>est:</span> <span class='ocrx_word' id='word_1_168' title='bbox 651 1217 763 1249; x_wconf 87' lang='lat' dir='ltr'>Idaeus</span> <span class='ocrx_word' id='word_1_169' title='bbox 793 1220 889 1258; x_wconf 81' lang='lat' dir='ltr'>enim,</span> <span class='ocrx_word' id='word_1_170' title='bbox 919 1230 990 1250; x_wconf 84' lang='lat' dir='ltr'>eum</span> <span class='ocrx_word' id='word_1_171' title='bbox 1020 1220 1103 1250; x_wconf 84' lang='lat' dir='ltr'>inter</span> 
     </span>
    </p>
   </div>
   <div class='ocr_carea' id='block_1_10' title="bbox 53 1262 1101 1301">
    <p class='ocr_par' dir='ltr' id='par_1_12' title="bbox 53 1262 1101 1301">
     <span class='ocr_line' id='line_1_28' title="bbox 53 1262 1101 1301; baseline -0.001 -6"><span class='ocrx_word' id='word_1_172' title='bbox 53 1277 77 1295; x_wconf 75' lang='lat'>25</span> <span class='ocrx_word' id='word_1_173' title='bbox 92 1262 221 1294; x_wconf 73' lang='lat' dir='ltr'>Aiacem</span> <span class='ocrx_word' id='word_1_174' title='bbox 259 1265 290 1294; x_wconf 85' lang='lat' dir='ltr'>et</span> <span class='ocrx_word' id='word_1_175' title='bbox 322 1262 493 1293; x_wconf 83' lang='lat' dir='ltr'>Hectorem</span> <span class='ocrx_word' id='word_1_176' title='bbox 528 1262 723 1293; x_wconf 86' lang='lat' dir='ltr'>decertantes</span> <span class='ocrx_word' id='word_1_177' title='bbox 756 1264 851 1294; x_wconf 86' lang='lat' dir='ltr'>armis</span> <span class='ocrx_word' id='word_1_178' title='bbox 885 1264 1101 1301; x_wconf 69' lang='lat' dir='ltr'>intercederet,</span> 
     </span>
    </p>
   </div>
   <div class='ocr_carea' id='block_1_11' title="bbox 92 1306 731 1346">
    <p class='ocr_par' dir='ltr' id='par_1_13' title="bbox 92 1306 731 1346">
     <span class='ocr_line' id='line_1_29' title="bbox 92 1306 731 1346; baseline -0.002 -8"><span class='ocrx_word' id='word_1_179' title='bbox 92 1307 142 1338; x_wconf 84' lang='lat' dir='ltr'>his</span> <span class='ocrx_word' id='word_1_180' title='bbox 165 1307 205 1338; x_wconf 84' lang='lat' dir='ltr'>ad</span> <span class='ocrx_word' id='word_1_181' title='bbox 228 1318 281 1338; x_wconf 89' lang='lat' dir='ltr'>eos</span> <span class='ocrx_word' id='word_1_182' title='bbox 305 1318 380 1338; x_wconf 87' lang='lat' dir='ltr'>usus</span> <span class='ocrx_word' id='word_1_183' title='bbox 405 1309 452 1338; x_wconf 86' lang='lat' dir='ltr'>est</span> <span class='ocrx_word' id='word_1_184' title='bbox 476 1306 534 1346; x_wconf 84' lang='lat' dir='ltr'><em>(II.</em></span> <span class='ocrx_word' id='word_1_185' title='bbox 557 1306 731 1342; x_wconf 72' lang='lat' dir='ltr'>V11279):</span> 
     </span>
    </p>
   </div>
   <div class='ocr_carea' id='block_1_12' title="bbox 136 1368 1101 1454">
    <p class='ocr_par' dir='ltr' id='par_1_14' title="bbox 136 1368 1101 1454">
     <span class='ocr_line' id='line_1_30' title="bbox 136 1368 1101 1411; baseline 0.001 -11"><span class='ocrx_word' id='word_1_186' title='bbox 136 1368 283 1410; x_wconf 79' lang='grc' dir='ltr'><strong><em>μηκέτι,</em></strong></span> <span class='ocrx_word' id='word_1_187' title='bbox 325 1369 437 1400; x_wconf 79' lang='grc' dir='ltr'><em>παῖδε</em></span> <span class='ocrx_word' id='word_1_188' title='bbox 482 1370 596 1409; x_wconf 74' lang='grc' dir='ltr'><em>φίλω,</em></span> <span class='ocrx_word' id='word_1_189' title='bbox 638 1371 860 1410; x_wconf 73' lang='grc' dir='ltr'><em>πολεμίζετε</em></span> <span class='ocrx_word' id='word_1_190' title='bbox 902 1369 996 1411; x_wconf 76' lang='grc' dir='ltr'><em>μηδὲ</em></span> <span class='ocrx_word' id='word_1_191' title='bbox 1034 1371 1101 1411; x_wconf 80' lang='grc' dir='ltr'>μά-</span> 
     </span>
     <span class='ocr_line' id='line_1_31' title="bbox 675 1417 806 1454; baseline 0 -9"><span class='ocrx_word' id='word_1_192' title='bbox 675 1417 806 1454; x_wconf 80' lang='grc' dir='ltr'><em>χεσθε,</em></span> 
     </span>
    </p>
   </div>
   <div class='ocr_carea' id='block_1_13' title="bbox 92 1476 1144 1517">
    <p class='ocr_par' dir='ltr' id='par_1_15' title="bbox 92 1476 1144 1517">
     <span class='ocr_line' id='line_1_32' title="bbox 92 1476 1144 1517; baseline 0.002 -11"><span class='ocrx_word' id='word_1_193' title='bbox 92 1476 125 1506; x_wconf 86' lang='lat' dir='ltr'>in</span> <span class='ocrx_word' id='word_1_194' title='bbox 149 1486 212 1516; x_wconf 90' lang='lat' dir='ltr'>quo</span> <span class='ocrx_word' id='word_1_195' title='bbox 236 1486 329 1506; x_wconf 86' lang='lat' dir='ltr'>versu</span> <span class='ocrx_word' id='word_1_196' title='bbox 352 1486 417 1506; x_wconf 91' lang='lat' dir='ltr'>non</span> <span class='ocrx_word' id='word_1_197' title='bbox 437 1477 563 1515; x_wconf 86' lang='lat' dir='ltr'>oportet</span> <span class='ocrx_word' id='word_1_198' title='bbox 583 1476 681 1506; x_wconf 87' lang='lat' dir='ltr'>videri</span> <span class='ocrx_word' id='word_1_199' title='bbox 701 1477 836 1507; x_wconf 87' lang='lat' dir='ltr'>alterum</span> <span class='ocrx_word' id='word_1_200' title='bbox 855 1477 987 1508; x_wconf 86' lang='lat' dir='ltr'>verbum</span> <span class='ocrx_word' id='word_1_201' title='bbox 1008 1477 1101 1517; x_wconf 80' lang='lat' dir='ltr'>idem,</span> <span class='ocrx_word' id='word_1_202' title='bbox 1114 1485 1144 1508; x_wconf 80' lang='lat'>19</span> 
     </span>
    </p>
   </div>
   <div class='ocr_carea' id='block_1_14' title="bbox 163 1571 1100 1606">
    <p class='ocr_par' dir='ltr' id='par_1_16' title="bbox 163 1571 1100 1606">
     <span class='ocr_line' id='line_1_33' title="bbox 163 1571 1100 1606; baseline 0.002 -9"><span class='ocrx_word' id='word_1_203' title='bbox 163 1575 176 1597; x_wconf 79' lang='grc' dir='ltr'>’ἴ</span> <span class='ocrx_word' id='word_1_204' title='bbox 194 1571 258 1598; x_wconf 84' lang='lat' dir='ltr'>Sall.</span> <span class='ocrx_word' id='word_1_205' title='bbox 267 1572 326 1605; x_wconf 83' lang='lat' dir='ltr'>Ing.</span> <span class='ocrx_word' id='word_1_206' title='bbox 336 1571 423 1597; x_wconf 66' lang='lat' dir='ltr'>XXX]</span> <span class='ocrx_word' id='word_1_207' title='bbox 433 1575 445 1596; x_wconf 91' lang='lat'>1</span> <span class='ocrx_word' id='word_1_208' title='bbox 458 1571 711 1605; x_wconf 57' lang='lat' dir='ltr'>1x11th,1=21t.48:·›(=</span> <span class='ocrx_word' id='word_1_209' title='bbox 720 1572 800 1598; x_wconf 84' lang='lat' dir='ltr'>Rhet.</span> <span class='ocrx_word' id='word_1_210' title='bbox 811 1572 858 1599; x_wconf 31' lang='lat' dir='ltr'>lat*</span> <span class='ocrx_word' id='word_1_211' title='bbox 867 1573 932 1599; x_wconf 86' lang='lat' dir='ltr'>min.</span> <span class='ocrx_word' id='word_1_212' title='bbox 943 1576 976 1599; x_wconf 66' lang='lat'>63</span> <span class='ocrx_word' id='word_1_213' title='bbox 985 1573 1038 1606; x_wconf 82' lang='lat' dir='ltr'><strong>H.)‚</strong></span> <span class='ocrx_word' id='word_1_214' title='bbox 1051 1576 1100 1599; x_wconf 71' lang='lat'>140</span> 
     </span>
    </p>
   </div>
   <div class='ocr_carea' id='block_1_15' title="bbox 90 1660 1101 1768">
    <p class='ocr_par' dir='ltr' id='par_1_17' title="bbox 90 1660 1101 1768">
     <span class='ocr_line' id='line_1_34' title="bbox 161 1660 1101 1696; baseline 0.001 -9"><span class='ocrx_word' id='word_1_215' title='bbox 161 1664 176 1686; x_wconf 89' lang='grc'><strong>8</strong></span> <span class='ocrx_word' id='word_1_216' title='bbox 197 1663 256 1687; x_wconf 84' lang='lat' dir='ltr'>etas</span> <span class='ocrx_word' id='word_1_217' title='bbox 276 1668 343 1686; x_wconf 80' lang='lat' dir='ltr'>uxor</span> <span class='ocrx_word' id='word_1_218' title='bbox 362 1660 435 1686; x_wconf 79' lang='lat' dir='ltr'>uires</span> <span class='ocrx_word' id='word_1_219' title='bbox 456 1661 483 1685; x_wconf 73' lang='lat' dir='ltr'>in</span> <span class='ocrx_word' id='word_1_220' title='bbox 504 1669 557 1686; x_wconf 78' lang='lat' dir='ltr'>ras.</span> <span class='ocrx_word' id='word_1_221' title='bbox 573 1660 605 1685; x_wconf 68' lang='grc' dir='ltr'>Ζ8</span> <span class='ocrx_word' id='word_1_222' title='bbox 618 1662 626 1694; x_wconf 81' lang='grc' dir='ltr'>Η</span> <span class='ocrx_word' id='word_1_223' title='bbox 642 1663 656 1686; x_wconf 84' lang='grc'>9</span> <span class='ocrx_word' id='word_1_224' title='bbox 676 1669 734 1687; x_wconf 86' lang='lat' dir='ltr'>rem</span> <span class='ocrx_word' id='word_1_225' title='bbox 753 1670 778 1695; x_wconf 76' lang='lat' dir='ltr'>p.</span> <span class='ocrx_word' id='word_1_226' title='bbox 800 1663 878 1696; x_wconf 83' lang='lat' dir='ltr'>agier</span> <span class='ocrx_word' id='word_1_227' title='bbox 896 1665 943 1688; x_wconf 76' lang='grc' dir='ltr'>ΝΟ</span> <span class='ocrx_word' id='word_1_228' title='bbox 961 1665 964 1696; x_wconf 84' lang='grc'>1</span> <span class='ocrx_word' id='word_1_229' title='bbox 982 1662 1101 1688; x_wconf 81' lang='lat' dir='ltr'>arbitra-</span> 
     </span>
     <span class='ocr_line' id='line_1_35' title="bbox 90 1696 1101 1732; baseline 0.001 -9"><span class='ocrx_word' id='word_1_230' title='bbox 90 1698 132 1723; x_wconf 87' lang='lat' dir='ltr'>ret</span> <span class='ocrx_word' id='word_1_231' title='bbox 147 1699 163 1722; x_wconf 87' lang='lat' dir='ltr'><strong>z</strong></span> <span class='ocrx_word' id='word_1_232' title='bbox 183 1698 272 1722; x_wconf 88' lang='lat' dir='ltr'>-retur</span> <span class='ocrx_word' id='word_1_233' title='bbox 286 1698 306 1724; x_wconf 76' lang='lat' dir='ltr'><strong>Q</strong></span> <span class='ocrx_word' id='word_1_234' title='bbox 320 1697 328 1730; x_wconf 80' lang='grc' dir='ltr'>ΙΙ</span> <span class='ocrx_word' id='word_1_235' title='bbox 345 1698 375 1721; x_wconf 88' lang='grc'>19</span> <span class='ocrx_word' id='word_1_236' title='bbox 397 1696 561 1728; x_wconf 84' lang='lat' dir='ltr'>cognomina</span> <span class='ocrx_word' id='word_1_237' title='bbox 580 1698 600 1725; x_wconf 76' lang='lat' dir='ltr'>Q</span> <span class='ocrx_word' id='word_1_238' title='bbox 619 1701 737 1723; x_wconf 72' lang='lat' dir='ltr'>counoia</span> <span class='ocrx_word' id='word_1_239' title='bbox 757 1700 774 1722; x_wconf 89' lang='lat' dir='ltr'>Z</span> <span class='ocrx_word' id='word_1_240' title='bbox 799 1698 931 1724; x_wconf 83' lang='lat' dir='ltr'>contiuua</span> <span class='ocrx_word' id='word_1_241' title='bbox 951 1698 1063 1724; x_wconf 86' lang='lat' dir='ltr'>nomina</span> <span class='ocrx_word' id='word_1_242' title='bbox 1083 1708 1101 1732; x_wconf 82' lang='grc' dir='ltr'>γ</span> 
     </span>
     <span class='ocr_line' id='line_1_36' title="bbox 90 1731 1037 1768; baseline 0.001 -10"><span class='ocrx_word' id='word_1_243' title='bbox 90 1741 156 1759; x_wconf 84' lang='lat' dir='ltr'>corr.</span> <span class='ocrx_word' id='word_1_244' title='bbox 173 1733 257 1759; x_wconf 67' lang='lat' dir='ltr'>Hertz</span> <span class='ocrx_word' id='word_1_245' title='bbox 272 1734 280 1765; x_wconf 71' lang='grc' dir='ltr'>ΙΙ</span> <span class='ocrx_word' id='word_1_246' title='bbox 295 1735 328 1757; x_wconf 71' lang='grc'>24</span> <span class='ocrx_word' id='word_1_247' title='bbox 348 1739 376 1757; x_wconf 86' lang='lat' dir='ltr'>es</span> <span class='ocrx_word' id='word_1_248' title='bbox 396 1732 449 1764; x_wconf 86' lang='lat' dir='ltr'>(est</span> <span class='ocrx_word' id='word_1_249' title='bbox 464 1732 494 1764; x_wconf 79' lang='lat' dir='ltr'>Q.)</span> <span class='ocrx_word' id='word_1_250' title='bbox 513 1731 605 1758; x_wconf 81' lang='lat' dir='ltr'>tideus</span> <span class='ocrx_word' id='word_1_251' title='bbox 621 1733 643 1758; x_wconf 73' lang='lat' dir='ltr'>d</span> <span class='ocrx_word' id='word_1_252' title='bbox 657 1734 666 1766; x_wconf 77' lang='grc' dir='ltr'>Ι]</span> <span class='ocrx_word' id='word_1_253' title='bbox 681 1735 712 1758; x_wconf 76' lang='grc'>26</span> <span class='ocrx_word' id='word_1_254' title='bbox 733 1734 791 1768; x_wconf 86' lang='lat' dir='ltr'>eos]</span> <span class='ocrx_word' id='word_1_255' title='bbox 808 1736 828 1762; x_wconf 79' lang='lat' dir='ltr'>Q</span> <span class='ocrx_word' id='word_1_256' title='bbox 847 1742 893 1760; x_wconf 82' lang='lat' dir='ltr'>eos</span> <span class='ocrx_word' id='word_1_257' title='bbox 908 1734 1001 1760; x_wconf 83' lang='lat' dir='ltr'>uerbis</span> <span class='ocrx_word' id='word_1_258' title='bbox 1017 1744 1037 1759; x_wconf 91' lang='grc' dir='ltr'><em>ω</em></span> 
     </span>
    </p>
   </div>
  </div>
 </body>
</html>
