1266 1902
181 79 245 110 260
635 79 697 104 XIX
717 82 730 104 1

182 161 270 191 cuius
300 161 374 191 mali
403 162 584 200 praecepta⁷
612 160 666 191 sed
692 160 880 200 quibusdam
905 161 1044 192 motibus
1068 161 1185 201 rapidis

182 207 213 235 et
241 205 428 235 inconsultis
458 204 599 235 officium
627 205 742 235 mentis
770 207 865 245 atque
889 205 1019 236 rationis
1044 216 1186 246 praever-

139 258 171 281 18
183 249 331 280 tentibus.
374 248 449 279 Mox
472 250 579 279 tamen
603 249 656 279 ille
680 249 804 289 sapiens
824 249 940 280 ibidem
959 250 1016 286 τὰς
1035 250 1187 286 τοιαύτας

184 294 379 332 φαντασίας,
408 293 439 323 id
467 295 514 323 est
542 293 608 323 visa
632 293 729 324 istaec
752 294 850 324 animi
874 294 923 324 sui
945 294 1094 333 terrifica,
1122 304 1187 324 non
1260 327 1262 332 ,

182 337 350 378 adprobat,
376 337 437 368 hoc
461 340 508 367 est
531 337 570 368 οὐ
595 338 868 377 συγκατατίθεται
892 337 969 369 οὐδὲ
991 338 1186 378 προσεπιὸο-
1213 350 1226 370 5
1259 333 1264 345 ³

182 381 278 422 ξάζει,
312 381 365 411 sed
393 381 490 412 abicit
519 381 715 422 respuitque,
744 392 802 412 nec
830 382 858 412 ei
887 382 1091 413 metuendum
1120 392 1187 412 esse

140 426 215 458 lein
242 425 292 456 his
317 426 487 465 quicquam
511 425 642 457 videtur.
688 425 795 466 Atque
818 426 879 457 hoe
902 426 985 457 inter
1008 426 1186 466 insipientis

183 470 397 510 sapientisque
430 470 570 500 animum
604 469 727 501 differre
758 470 880 510 dicunt,
913 470 997 511 quod
1025 471 1187 510 insipiens,

183 515 288 554 qualia
312 514 372 544 sibi
396 525 462 544 esse
487 515 589 554 primo
613 515 710 545 ani-mi
735 515 782 545 sui
802 515 897 555 pulsu
916 515 982 545 visa
1002 517 1076 545 sunt
1095 525 1187 545 saeva

183 560 214 589 et
237 569 357 599 aspera,
381 559 457 589 talia
481 570 548 589 esse
567 569 640 589 vero
662 561 752 599 putat
772 561 802 589 et
823 559 930 589 eadem
950 559 1085 599 incepta,
1108 562 1186 589 tam·
1201 571 1226 591 m
1239 596 1240 599 Ἴ
1254 566 1263 584 ‘1⁰

183 613 278 642 quam
309 603 335 633 si
364 603 430 633 iure
458 603 626 633 metuenda
655 603 730 642 sint,
764 614 819 633 sua
848 614 974 643 quoque
1002 603 1187 634 adsensione

182 646 337 687 adprobat
361 647 414 677 καὶ
433 646 697 687 προσεπιὸοξάζει
719 666 757 669 —
778 647 839 678 hoc
859 647 942 677 enim
962 647 1058 678 verbo
1079 646 1187 683 Stoici,

139 701 172 723 ⁵20
183 702 253 721 oum
275 701 368 731 super
388 691 447 721 ista
466 702 499 722 re
519 691 685 731 disserunt,
703 693 836 722 utuntur
856 710 906 730 —,
928 692 1052 732 sapiens
1072 694 1187 731 autem,

183 746 254 766 cum
279 736 417 766 breviter
440 738 471 766 et
495 736 629 766 strictim
654 736 758 766 colore
782 738 876 775 atque
896 736 987 766 vultu
1007 738 1111 766 motus
1131 738 1186 775 est,

184 780 223 810 οὐ
247 781 535 819 συγκατατίθεται,
565 780 618 810 sed
643 782 759 810 statum
786 780 988 821 vigoremque
1013 780 1186 810 sententiae
1202 777 1262 815 15321'2

184 835 257 854 suae
280 825 404 863 retinet,
428 835 523 863 quam
546 824 582 854 de
602 824 819 855 huiuscemodi
839 824 914 854 visis
934 835 1057 864 semper
1075 823 1187 854 habuit
1241 817 1243 826 ’

182 870 218 898 ut
242 868 280 898 de
304 868 433 898 minime
457 869 642 907 metuendis,
667 868 721 899 sed
743 868 848 899 fronte
869 869 948 898 falsa
968 870 999 899 et
1018 868 1186 899 formidine

183 912 269 943 inani
293 912 531 943 territantibus.’
1233 944 1234 949 ¹

139 966 170 988 21
250 956 337 987 Haec
364 956 581 996 Epictetum
616 956 841 997 philosophum
875 967 913 987 ex
945 957 1077 987 decretis
1106 955 1187 987 Stoi-
1233 954 1242 993 J

184 1011 293 1031 eorum
327 1001 459 1031 sensisse
490 1004 584 1041 atque
613 1001 728 1031 dixisse
757 1001 789 1031 in
818 1012 868 1038 eo,
902 1011 965 1040 quo
995 1000 1073 1040 dixi,
1105 1000 1186 1031 libro
1202 1011 1263 1034 mm

183 1045 319 1086 legimus
347 1045 590 1085 adnotandaque
619 1056 684 1076 esse
712 1045 828 1076 idcirco
858 1045 1121 1083 existimavimus,
1152 1046 1187 1075 ut
1230 1040 1232 1067 Ῐ

184 1090 276 1120 rebus
305 1089 387 1119 forte
415 1089 446 1119 id
475 1100 587 1131 genus,
621 1089 734 1129 quibus
763 1089 840 1127 dixi,
872 1089 992 1120 obortis
1020 1100 1187 1129 pavescere
1229 1099 1231 1131 j

184 1134 299 1164 sensim
325 1135 355 1164 et
380 1134 469 1174 quasi
493 1134 650 1164 albescere
674 1144 738 1164 non
761 1134 939 1173 insipientis
963 1144 1029 1163 esse
1049 1133 1186 1163 hominis
1229 1157 1230 1174 ἶ

184 1188 285 1217 neque
321 1178 428 1218 ignavi
461 1180 607 1218 putemus
641 1180 671 1208 et
703 1178 736 1208 in
769 1188 804 1207 eo
838 1180 944 1208 tamen
978 1177 1065 1208 brevi
1097 1179 1187 1207 motu

184 1222 321 1252 naturali
353 1223 453 1263 magis
485 1223 662 1253 infirmitati
691 1222 850 1260 cedamus,
884 1232 978 1261 quam
1007 1221 1091 1261 quod
1120 1232 1186 1252 esse
1201 1232 1229 1259 κε

185 1277 233 1305 ea,
258 1266 363 1305 qualia
387 1267 453 1296 visa
477 1269 563 1305 sunt,
587 1277 777 1297 censeamus.
1227 1266 1228 1269 ’

1254 1234 1260 1248 ἱ)

258 1392 269 1413 1
295 1390 426 1422 percepta
451 1390 472 1414 δ
495 1391 503 1421 Η
527 1391 541 1413 2
566 1388 698 1414 orationis
720 1389 742 1413 ό
765 1389 773 1420 Η
797 1391 812 1413 4
837 1388 865 1413 id
890 1390 931 1413 est
950 1396 998 1413 om.
1019 1397 1037 1421 γ
1057 1387 1060 1421 l
1082 1387 1136 1413 ista
1160 1388 1187 1412 et
1224 1383 1241 1402 2*

185 1424 264 1457 (haee
286 1426 329 1456 Π)
351 1425 410 1449 ΠΧ
427 1425 430 1456 Ι
447 1424 540 1449 anima
564 1432 613 1449 sua
635 1424 657 1449 δ
679 1424 687 1456 ΙΙ
713 1426 744 1448 10
768 1431 834 1448 uera
854 1423 887 1451 Q*
908 1424 910 1457 Ι
933 1424 1066 1456 concepta
1088 1423 1183 1457 Vogel]
1224 1450 1225 1454 ,

185 1468 353 1492 quamquam
373 1470 393 1484 ω
413 1468 479 1485 corr.
495 1468 510 1484 σ
524 1462 532 1491 ΙΙ
547 1462 580 1484 24
600 1459 648 1485 sed
668 1459 762 1485 Goebel
776 1460 784 1491 ΙΙ
801 1462 831 1483 :5
852 1458 1012 1484 infirmitate
1032 1459 1054 1484 δ
1074 1461 1121 1483 aut
1140 1458 1187 1484 hoc
1224 1457 1225 1482 1

185 1504 232 1521 scr:
253 1499 301 1521 aut
321 1499 377 1521 tum
396 1495 469 1527 quod
489 1495 537 1520 del.
556 1495 652 1521 Goebel
