1291 1912
484 74 558 100 XVII
579 77 624 105 20;
646 78 677 100 -21
1025 74 1091 105 223

76 168 137 198 que
166 167 272 188 rerum
300 157 441 197 pondera
465 159 496 187 et
520 156 691 197 dignitates
717 156 911 198 pergendum
938 158 999 195 est,
1028 167 1093 187 non

76 201 115 232 ad
135 202 319 232 vocularum
340 202 407 231 eius
427 201 651 232 amoenitatem
673 211 730 231 nee
751 201 789 231 ad
809 201 979 232 verborum
996 212 1093 231 venu-

76 247 172 277 states
198 245 473 276 deversitandum?

142 289 229 321 Haec
262 290 437 321 admonitio
467 289 581 320 Tauri
614 290 651 320 de
683 290 835 320 orationis
865 289 1113 320 Platonicam

51 349 62 368 ε,
77 334 213 365 modulis
238 345 301 365 non
327 334 421 365 modo
445 345 510 365 non
533 335 697 375 repressit,
726 334 779 365 sed
804 334 968 365 instrinxit
991 334 1086 365 etiam

79 389 136 409 nos
175 379 213 409 ad
250 379 441 420 elegantiam
476 377 612 409 Graecae
647 379 799 409 orationis
832 378 937 409 verbis
971 377 1093 409 Latinis

79 423 315 460 adfectandam;
344 425 439 463 atque
468 424 515 454 uti
544 424 697 463 quaedam
728 423 912 454 animalium
942 434 1039 464 parva
1063 425 1120 454 etss

79 467 156 498 vilia
187 468 225 498 ad
254 468 443 498 imitandum
473 470 560 507 sunt,
589 478 666 508 quas
695 479 744 498 res
774 478 909 508 cumque
937 468 1095 498 audierint

81 511 268 551 viderintve,
288 512 473 553 petulantia,
493 512 625 553 proinde
640 523 698 543 nos
715 523 759 549 ea,
777 523 857 552 quae
872 513 905 542 in
920 511 1093 543 Platonis

41 571 66 590 ιο
84 557 227 587 oratione
251 557 456 596 demiramur,
484 568 548 587 non
573 557 725 587 aemulari
749 557 890 596 quidem,
917 557 970 587 sed
993 556 1093 587 lineas

81 601 272 641 umbrasque
300 601 403 632 facere
433 601 501 632 ausi
531 612 648 631 sumus.
696 600 793 632 Velut
823 602 927 641 ipsum
951 600 1013 631 hoe
1037 603 1093 640 est,

77 645 161 685 quod
194 656 231 676 ex
264 646 362 676 isdem
397 646 460 676 fflis
494 646 597 676 verbis
630 646 696 676 eius
731 646 925 676 effinximus:
960 644 1115 677 ‘Omne'9

76 690 182 730 inquit
214 690 356 721 ‘omnino
389 690 509 721 factum
545 691 588 720 sic·
623 701 690 721 sese
724 690 831 721 habet:
865 700 968 730 neque
996 692 1090 731 turpe

77 736 136 773 est,
167 737 321 774 quantum
351 735 384 765 in
413 746 449 766 eo
479 736 540 774 est,
568 745 671 775 neque
700 735 883 773 honestum3
916 734 1004 765 velut
1032 737 1089 774 est,

38 792 62 812 15
77 789 155 818 quas
179 790 261 809 nunc
286 779 420 810 facimus
445 780 505 820 ipsi
530 790 592 815 res,
617 779 740 819 bibere,
764 782 904 818 cantare,
928 779 1089 810 disserere.

76 822 167 853 Nihil
198 834 336 864 namque
369 823 483 854 horum
517 824 621 864 ipsum
657 835 694 854 ex
730 834 796 854 sese
829 823 998 854 honestum
1028 825 1089 863 est3

76 868 163 907 quali
188 878 258 898 cum
283 869 373 899 fieret
397 868 492 899 modo
512 868 631 898 factum
653 870 709 908 est,
733 868 796 899 tale
815 868 934 899 extitit:
959 869 985 898 si
1004 870 1089 899 recte

76 911 272 952 honesteque
300 912 419 943 factum
447 915 507 947 est,
536 914 604 943 tum
630 913 799 943 honestum
823 913 873 952 fit3
902 913 951 942 sin
974 923 1087 953 parurn

76 958 173 996 reete,
207 959 299 997 turpe
327 957 371 987 fit.
425 956 476 988 Sic
506 968 624 995 amare,
653 957 697 987 sie
725 967 814 988 amor
842 967 906 988 non
935 956 1087 988 honestus

39 1014 64 1034 ιο
79 1001 181 1031 omnis
210 1012 312 1041 neque
342 1003 444 1032 omnis
473 1002 566 1032 laude
595 1002 723 1043 dignus,
752 1002 805 1032 sed
835 1002 889 1041 qui
912 1002 1002 1041 facit,
1030 1012 1088 1032 nos

79 1047 114 1076 ut
138 1045 271 1076 honeste
295 1046 457 1077 amemus*

77 1166 182 1198 Quibus
204 1169 377 1201 temporibus
401 1171 464 1202 post
489 1169 604 1194 Romam
630 1169 771 1194 conditam
794 1168 892 1194 Graeci
912 1168 1087 1201 Romanique

111 1203 240 1243 inlustres
260 1205 311 1230 viri
331 1204 474 1230 floruerint
495 1206 558 1230 ante
579 1205 731 1230 secundum
749 1204 854 1230 bellum
872 1204 1084 1237 Carthaginien-

38 1247 63 1266 25
113 1247 192 1264 Slum.

142 1301 187 1333 Vt
210 1306 415 1344 conspectum
440 1304 597 1343 quendam
621 1305 761 1334 aetatum
781 1303 1110 1344 antiquissimarum,1

78 1346 153 1376 item
186 1347 326 1378 virorum
359 1349 555 1387 inlustrium,
593 1349 647 1388 qui
680 1349 713 1379 in
745 1348 795 1379 his
829 1348 984 1379 aetatibus
1017 1348 1085 1378 nati

77 1390 225 1430 fuissent,
260 1391 462 1431 haberemus,
496 1404 535 1423 ne
566 1393 598 1423 in
631 1393 830 1423 sermonibus
863 1393 946 1423 forte
979 1394 1086 1423 incon-

78 1437 219 1475 spectum
258 1436 377 1476 aliquid
415 1448 510 1477 super
547 1440 649 1468 aetate
686 1439 780 1478 atque
818 1437 883 1467 vita
916 1437 1085 1468 clariorum

0 1493 9 1513 ι
37 1493 63 1512 ³0
78 1478 242 1510 hominum
271 1483 389 1512 temere
413 1482 601 1521 diceremus,
630 1482 722 1512 sicuti
747 1481 890 1522 sophista
913 1482 968 1512 ille
991 1481 1086 1512 ἀπαί-

78 1523 201 1562 δευτος,
226 1525 280 1564 qui
304 1526 431 1565 publice
451 1537 552 1566 nuper
571 1526 726 1556 disserens
748 1525 964 1557 Carneaden
983 1525 1085 1566 philo-

77 1567 213 1608 sophum
252 1580 269 1599 a
306 1580 380 1611 rege
416 1570 612 1609 Alexandro,
652 1570 795 1611 Philippi
832 1571 914 1610 filio,
950 1571 1085 1611 pecunia

147 1659 162 1682 3
187 1657 287 1683 diuers.
309 1658 366 1686 HQ
388 1659 396 1690 ΙΙ
421 1661 435 1683 5
460 1657 589 1683 instinxit
609 1657 669 1683 0²x
692 1658 825 1683 instruxit
843 1660 860 1683 Z
884 1658 892 1691 ΙΙ
916 1662 930 1683 9
953 1658 1084 1691 putantia

77 1692 143 1725 (-cia
154 1694 183 1725 Q.)
192 1693 213 1718 δ
228 1695 236 1726 Η
252 1696 284 1718 10
296 1693 508 1719 denumeramur
519 1696 539 1721 Q,
568 1693 722 1719 emulamur
732 1694 754 1719 δ
769 1701 776 1725 53
793 1697 824 1719 15
836 1693 952 1719 fecimus
963 1702 1035 1719 nune
1044 1696 1061 1718 Z
1075 1694 1084 1727 Η

79 1730 108 1752 17
129 1727 211 1761 quale
231 1736 293 1754 cum
307 1737 325 1762 γ
344 1729 436 1761 qualis
454 1738 515 1754 eum
531 1731 551 1757 Q.
571 1729 767 1762 qualicumque
782 1732 799 1754 Ζ
814 1731 822 1762 [Ι
837 1731 870 1754 29
891 1729 1051 1764 clariomm]
1066 1732 1084 1754 Z

77 1762 212 1789 clarorum
232 1763 393 1797 (clamorum
407 1767 440 1798 X)
455 1774 473 1798 γ
493 1764 629 1790 elarerum
645 1767 664 1793 ο,
