1266 1902
116 291 132 313 4

118 936 131 958 1

117 1069 131 1090 ‘3

118 1113 132 1135 3

145 68 184 98 76
485 68 546 94 xm
567 71 611 100 193
632 71 664 93 20
684 71 740 101 <18³
761 71 804 103 19)

143 152 174 180 et
197 150 231 180 in
253 149 416 191 tragoedia
441 148 623 189 Sophocli
648 150 783 190 scriptus
808 152 862 187 est,
889 151 938 181 cui
962 151 1074 181 titulus
1099 153 1146 181 est

146 194 330 230 Φθιώτιὸες
363 194 416 232 (fr.
441 196 502 224 633
526 192 609 233 NF'),
646 196 677 224 et
714 194 746 224 in
778 193 937 225 Bacchis
970 195 1146 235 Euripidi

143 238 183 277 (v.
199 239 283 277 193).

209 282 246 313 ld
279 293 404 322 quoque
435 282 715 312 animadvertimus
748 284 825 322 aput
852 281 1081 323 Aeschylum
1111 282 1146 313 ἐν

142 332 190 368 τῷ
227 328 415 368 πυρφόρῳ
448 328 655 366 Προμηθεῖ
688 328 719 357 et
751 329 828 366 aput
859 326 1079 367 Euripidem
1113 327 1146 357 in
1173 339 1186 358 5

142 371 353 412 tragoedia,
377 381 457 410 quae
481 370 634 410 inscripta
657 372 704 401 est
720 369 814 409 Ἰνώ,
839 371 971 401 eundem
994 382 1060 402 esse
1079 382 1145 402 ver-

144 425 211 445 sum
233 415 352 455 absque
369 415 477 454 paucis
494 414 632 455 syllabis.
666 414 878 455 Aeschylus
894 415 938 445 sic
954 416 1006 455 (fr.
1016 417 1081 446 208
1091 414 1146 446 N.‘-'

142 459 291 499 [Choeph.
307 460 348 489 57
350 459 416 499 6]):

188 526 307 560 σιγῶν
331 519 364 551 θ’
394 520 489 551 ὅπου
514 521 574 551 δεῖ
595 520 656 551 καὶ
681 519 802 560 λέγων
825 521 868 551 τὰ
893 521 1038 561 καίρια,

143 582 347 623 Euripides
371 582 415 613 ita
439 583 491 622 (fr.
507 585 569 613 413
584 581 666 621 NJ).
1162 595 1187 613 10

188 649 302 685 σιγᾶν
325 643 359 675 θ’
389 645 485 675 ὅπου
510 645 571 675 δεῖ
592 643 653 675 καὶ
679 643 806 684 λέγειν
830 643 878 674 i'v'
905 643 1082 683 ἀσφαλές.

143 706 217 737 Fuit
241 708 345 737 autem
370 706 398 736 A
405 717 421 737 e
428 717 441 737 s
449 717 464 737 c
470 706 491 736 h
497 717 516 746 y
523 707 561 736 lu
568 717 581 736 s
605 717 668 736 non
693 706 779 736 brevi
804 706 972 746 antiquior.

551 803 611 833 XX
636 802 738 843 (XIX)

285 864 325 890 De
344 872 444 897 genere
464 866 547 897 atque
567 864 725 889 nominibus
744 863 868 889 familiae
888 863 1008 889 Porciae.

211 927 289 958 Cum
323 928 356 958 in
389 928 500 958 domus
529 927 713 958 Tiberianae
747 927 940 958 bibliotheca
969 926 1146 957 sederemus
1162 938 1187 957 15

144 982 202 1013 ego
232 974 263 1002 et
287 971 525 1012 Apollinaris
550 970 744 1011 Sulpicius
774 973 805 1001 et
833 972 960 1011 quidam
990 971 1043 1001 alii
1067 970 1145 1001 mihi

143 1018 198 1046 aut
221 1016 268 1046 illi
292 1016 476 1051 familiares,
503 1016 645 1055 prolatus
669 1016 750 1045 forte
774 1015 854 1045 liber
878 1017 924 1046 est
948 1015 992 1045 ita
1016 1016 1145 1055 inscrip-

143 1062 207 1090 tus:
232 1060 272 1090 M.
293 1059 447 1091 Catonis
470 1059 639 1100 Nepotis.
681 1059 762 1090 Tum
787 1060 895 1099 quaeri
919 1061 1065 1099 coeptum
1090 1061 1146 1096 est,

144 1104 289 1144 quisnam
318 1105 344 1135 is
373 1105 485 1135 fuisset
509 1103 549 1134 M.
575 1102 665 1135 Cato
689 1103 823 1144 Nepos.
870 1103 975 1144 Atque
1004 1103 1048 1133 ibi
1072 1103 1144 1133 adu-

142 1149 262 1179 lescens
288 1149 458 1189 quispiam,
487 1148 571 1188 quod
596 1159 633 1178 ex
658 1148 723 1178 eius
749 1147 945 1178 sermonibus
970 1147 1145 1177 coniectare
1161 1159 1187 1177 πο

142 1193 242 1233 potui,
262 1203 326 1223 non
345 1193 516 1223 abhorrens
537 1204 554 1222 a
572 1193 699 1223 litteris:
720 1191 794 1222 ‘hic'
814 1192 918 1231 inquit
933 1192 992 1222 ‘est
1006 1191 1046 1221 M.
1059 1190 1145 1226 Cato,

142 1248 207 1267 non
236 1239 447 1277 cognomento
476 1236 598 1276 Nepos,
632 1236 685 1267 sed
712 1235 752 1266 M.
781 1235 908 1266 Catonis
938 1234 1079 1266 Censorii
1108 1246 1145 1264 ex

142 1281 209 1311 filio
238 1292 349 1321 nepos,
379 1282 433 1321 qui
460 1283 550 1321 pater
578 1281 639 1311 fuit
663 1280 704 1311 M.
729 1279 871 1314 Catonis,
899 1280 1048 1319 praetorii
1077 1279 1145 1313 viri,

143 1326 197 1365 qui
231 1325 314 1355 bello
348 1326 432 1355 civili
462 1325 572 1356 Vticae
605 1335 712 1356 necem
743 1324 801 1354 sibi
832 1323 936 1365 gladio
966 1335 1060 1353 manu
1090 1334 1145 1353 sua

143 1369 310 1409 conscivit,
339 1369 376 1400 de
405 1370 493 1400 cuius
521 1369 587 1399 vita
614 1369 694 1399 liber
719 1370 766 1399 est
789 1368 828 1398 M.
855 1367 1062 1406 Ciceronis,
1091 1368 1143 1407 qui
1160 1380 1186 1398 25

143 1413 326 1444 inscribitur
348 1414 430 1444 laus
451 1413 618 1449 Catonis,
643 1424 735 1453 quern
761 1413 793 1442 in
817 1412 926 1442 eodem
950 1411 1032 1442 libro
1056 1411 1108 1450 (fr.
1126 1414 1144 1442 1

138 1468 168 1496 p.
190 1460 253 1488 987
277 1457 355 1497 0122)
379 1458 462 1488 idem
488 1456 617 1488 Cicero
647 1459 853 1497 pronepotem
883 1456 980 1486 fuisse
1004 1456 1080 1486 dicit
1103 1455 1143 1485 M.

213 1555 227 1578 9
248 1553 344 1579 Aesch,
362 1553 434 1586 Sept.
452 1555 501 1578 619

214 1645 226 1666 1
253 1641 386 1674 scriptum
410 1651 430 1666 ω
454 1642 462 1673 l}
486 1644 501 1665 2
526 1641 713 1666 ΦΙΛΟΤΙΔΕΕ
737 1641 791 1672 fere
815 1649 835 1664 ω
859 1648 924 1665 corr.
947 1639 1123 1665 casaubonus
1137 1640 1146 1673 [Ῑ

143 1679 157 1701 6
169 1677 273 1710 scripta
283 1679 300 1701 Z
314 1681 316 1711 ξ
331 1678 414 1702 ΕΙΝίι)
426 1686 445 1701 ω
461 1678 469 1708 Η
484 1678 498 1700 9
511 1676 637 1701 ΕΕΙΓ(ι)Ν
649 1676 788 1709 γ<Ζ)1ΤΕ
799 1684 817 1708 γ
829 1675 896 1700 ΓΕΖ
910 1676 919 1707 Η
934 1677 965 1700 11
978 1675 1144 1700 ΕΕΙΓᾱΝΤΕ

140 1713 195 1744 fere
210 1722 229 1737 ω
247 1713 250 1746 Ι
268 1713 333 1738 ΟΠΙ
349 1714 373 1736 X
387 1713 395 1745 Η
412 1714 442 1737 15
458 1711 665 1744 biblil'ofihecae
681 1712 767 1736 ΝΟΠ
780 1712 788 1743 ΙΙ
804 1712 834 1735 17
851 1710 968 1742 scriptus
982 1712 1005 1734 X
1019 1711 1028 1743 Η
1043 1712 1075 1734 22
1090 1717 1144 1734 non

142 1755 190 1772 om.
208 1750 227 1775 Q
242 1749 250 1780 ΙΙ
265 1750 297 1772 26
316 1747 413 1772 laudes
431 1749 477 1771 ΤΥ
