1291 1912
558 64 608 90 ΧΠ
628 67 656 94 6;
678 67 691 90 7
1089 63 1130 94 41

605 144 650 176 VI

512 207 551 233 De
572 207 738 240 aenigmate.

189 270 275 308 Quae
296 270 407 302 Graeci
432 271 542 302 dicunt
567 271 780 312 ‘aenigmata⁷,
803 270 865 301 hoc
885 280 985 311 genus
1005 270 1134 310 quidam
1147 278 1159 300 1

122 327 159 347 ex
184 316 302 347 nostris
322 316 481 347 veteribus
503 316 646 356 ‘scirpos'
667 315 918 356 appeUaverunt.
960 313 1058 351 Quale
1079 316 1135 354 est,

95 373 106 392 5
122 361 207 401 quod
238 372 339 401 nuper
367 361 546 391 invenimus
575 371 632 401 per
659 359 764 390 hercle
793 360 948 399 anticum,
981 370 1135 399 perquam

121 405 273 446 lepidum,
296 405 398 436 tribus
422 405 566 435 versibus
591 405 722 435 senariis
745 404 959 444 compositum
979 404 1135 444 aenigma,

122 450 207 490 quod
228 450 416 490 reliquimus
436 450 662 488 inenarratum,
685 451 721 479 ut
739 448 915 490 legentium
936 449 1135 479 coniecturas

121 494 155 525 in
178 494 368 534 requirendo
392 504 585 525 aenei-emus.
633 492 751 524 Versus
776 496 840 524 tres
864 493 898 523 hi
923 495 1010 523 sunt:
1146 500 1161 522 *2

167 547 281 578 semel
306 548 478 578 minusne
502 558 547 577 an
571 547 628 578 bis
652 547 775 577 minus
801 547 864 586 sit7
888 546 1030 585 nescio,

83 604 107 623 ιο
166 603 211 623 an
226 594 427 632 utrumque
443 602 584 629 eorum3
599 594 639 622 ut
654 591 842 631 quondam
858 591 987 621 audivi
1002 591 1135 627 dicier,

166 636 241 677 ipsi
265 635 346 667 Iovi
370 636 450 677 regi
475 636 602 667 noluit
626 636 840 667 concedere.

121 688 193 721 Hoc
213 690 267 730 qui
287 690 368 720 nolit
387 689 506 720 diutius
526 692 604 730 aput
624 700 692 720 sese
712 700 870 729 quaerere,
890 688 1039 728 inveniet,
1059 688 1134 728 quid
1147 695 1162 718 3

122 734 176 771 sit,
205 734 238 765 in
262 733 302 764 M.
329 733 513 765 Varronis
543 734 584 764 de
614 744 784 764 sermone
808 733 946 764 Latino
973 733 1017 763 ad
1041 732 1135 763 Mar-

122 779 259 810 cellum
284 779 385 809 libro
411 778 576 809 secundo
601 779 710 818 (f›·.54
730 778 802 818 W).

82 879 107 899 15
597 866 659 898 VH

123 927 211 960 Quam
231 928 265 954 ob
286 936 398 954 eausam
414 927 459 953 Cn.
476 928 625 954 Dolabella
642 927 789 961 proconsul
804 936 880 953 ream
895 927 1041 953 mulierem
1056 935 1136 953 vene-

158 964 214 990 ficii
234 964 466 997 confitentemque
488 964 522 989 ad
542 964 722 997 Ariopagitas
742 964 877 990 reiecerit.

188 1027 239 1058 Ad
269 1026 323 1058 Cn.
352 1027 554 1058 Dolabellam
588 1028 807 1068 proconsulari
841 1027 975 1068 imperio
1009 1027 1160 1067 provin-1

123 1072 203 1103 ciam
228 1071 339 1103 Asiam
364 1072 561 1103 obtinentem
587 1072 720 1103 deducta
744 1072 859 1103 mulier
882 1071 1056 1112 Smyrnaea
1080 1074 1135 1102 est.

83 1129 108 1149 20
122 1116 242 1147 Eadem
267 1117 382 1147 mulier
405 1117 509 1148 virum
533 1120 564 1147 et
588 1117 690 1147 filium
713 1117 823 1148 eodem
843 1119 987 1157 tempore
1006 1116 1162 1147 venenis-2

122 1162 203 1192 clam
233 1161 314 1192 datis
343 1161 408 1192 vita
436 1162 639 1192 interfecerat
667 1164 762 1202 atque
791 1161 822 1191 id
846 1161 959 1192 fecisse
983 1172 1016 1191 se
1040 1161 1137 1192 confi-

122 1206 250 1237 tebatur
273 1206 462 1246 dicebatque
486 1206 636 1237 habuisse
661 1217 693 1236 se
717 1206 854 1236 faciendi
876 1216 1013 1242 causam,
1037 1216 1136 1245 quon-

122 1251 184 1281 iam
210 1250 292 1281 idem
318 1251 365 1281 illi
389 1251 522 1281 maritus
547 1253 578 1281 et
602 1251 687 1281 filius
711 1251 846 1281 alterum
871 1251 973 1281 filium
994 1250 1137 1280 mulieris

196 1350 226 1372 11
248 1346 315 1372 Cato
331 1355 368 1373 or.
384 1347 416 1372 fr.
434 1350 465 1372 '23
477 1347 500 1372 J.
521 1347 577 1372 Liv.
593 1346 605 1372 Ι
621 1350 653 1372 55
673 1346 720 1372 Or.
734 1346 751 1371 f.
764 1346 788 1372 Π
799 1348 850 1372 668
864 1346 940 1372 Lact.
952 1346 1016 1372 inst.
1028 1346 1039 1371 Ι
1051 1349 1092 1377 20,
1104 1349 1137 1372 38

124 1381 196 1407 Serv
212 1383 243 1408 A.
260 1382 296 1408 IX
312 1385 363 1408 446
382 1383 499 1416 August.
517 1383 566 1408 civ⁴
583 1382 628 1408 dei
644 1382 680 1407 IV
697 1385 729 1407 -23
746 1383 797 1408 etc.
923 1384 955 1407 18
967 1391 1025 1415 sqq.
1046 1382 1135 1407 Amm.

123 1417 211 1443 XXIX
227 1421 251 1450 ⁶2,
268 1421 299 1443 19
409 1421 439 1444 21
462 1418 552 1444 Plaut.
569 1418 648 1444 Truc.
666 1420 716 1443 518

195 1510 210 1532 5
230 1514 333 1540 perque
351 1508 383 1532 H
401 1516 533 1541 perquem
550 1508 581 1533 0¹
596 1509 604 1540 11
619 1510 634 1533 G
655 1507 783 1541 senariis]
799 1510 823 1532 X
843 1507 978 1533 senatoris
994 1517 1014 1532 ω
1029 1508 1038 1541 ΙΙ
1053 1509 1067 1532 9
1086 1507 1145 1535 mi<

123 1551 230 1576 nusque
250 1543 282 1567 B¹
307 1543 398 1568 minus
418 1545 435 1568 Ζ
457 1544 460 1576 Ι
483 1543 519 1569 sit
543 1543 636 1569 nescio
657 1543 826 1569 Freinsheim
852 1551 907 1568 non
927 1543 963 1568 sit
983 1542 1024 1575 &fit
1041 1544 1068 1576 Ζ)
1089 1542 1137 1568 sed

123 1579 177 1610 (sat
192 1580 220 1612 γ)
241 1578 298 1604 scio
314 1588 334 1603 ω
353 1587 408 1604 non
429 1579 482 1611 (sit,
503 1587 558 1605 non
575 1579 730 1612 Buecheler)
749 1580 793 1603 sat
808 1579 864 1604 scio
880 1578 943 1605 ‹X?›
961 1579 1008 1605 Gr.
1024 1580 1032 1611 Η
1049 1582 1081 1604 10
1101 1578 1138 1604 At

123 1614 208 1640 Hertz
226 1615 228 1646 Ι
245 1614 277 1639 ut
291 1614 329 1648 q]
346 1614 419 1647 quod
433 1617 457 1639 X
473 1616 477 1647 1
495 1615 548 1648 ipsi
564 1615 652 1640 dicier
666 1614 723 1640 ioui
738 1624 757 1639 ω
773 1618 876 1647 transp.
889 1614 1036 1640 Buecheler
1051 1614 1139 1640 dicier

122 1648 179 1675 Iovi
203 1650 258 1682 ipsi
279 1658 293 1675 σ
316 1651 324 1682 ΙΙ
349 1652 381 1675 12
402 1649 494 1676 noluit
513 1651 535 1676 d·
559 1650 636 1676 nolet
654 1659 673 1684 γ
691 1659 759 1676 corr.
780 1651 865 1676 Hertz
883 1650 885 1683 Ι
903 1651 1050 1682 quaereret
1070 1652 1114 1678 ΩΒ
1129 1649 1138 1684 11

124 1687 156 1710 18
181 1684 241 1719 Cn.]
260 1685 289 1710 P.
317 1686 374 1711 Val.
396 1686 476 1712 illas.
491 1687 500 1719 11
515 1689 547 1711 21
572 1686 633 1711 uita
656 1694 705 1712 om.
727 1687 747 1714 Q.
770 1694 826 1711 una
846 1685 1016 1711 HJMueller
1033 1686 1036 1719 l
1054 1687 1138 1718 atque

122 1736 157 1739 —
181 1720 294 1746 dicebat
312 1724 377 1754 post
399 1721 474 1747 idem
494 1722 523 1747 in
545 1730 566 1748 υ.
586 1724 622 1748 23
638 1722 744 1755 posuit,
768 1725 824 1747 tum
845 1723 872 1747 et
892 1721 965 1747 filius
985 1722 1017 1755 (v.
1038 1723 1083 1755 23)
1104 1737 1137 1740 —

124 1756 240 1782 maritus
256 1758 311 1789 (422,
327 1759 353 1789 6)
368 1765 417 1783 om.
434 1758 456 1783 d*
