1291 1912
543 39 604 66 XIV
625 43 638 66 1
1033 37 1095 69 103

86 134 124 154 ex
149 122 321 153 mendaciis
346 124 518 162 captantes.
561 121 667 162 Atque
685 132 754 161 eos,
778 121 929 161 quoniam
954 120 1122 151 viderent3

86 170 211 198 terrena
240 166 394 207 quaedam
424 166 506 197 inter
529 165 674 197 homines
699 166 758 196 sita
783 166 966 196 caelestium
991 176 1095 195 rerum

87 222 180 242 sensu
213 214 309 251 atque
339 210 436 241 ductu
465 211 599 250 moveri,
633 210 724 250 quale
754 212 813 248 est,
847 209 932 250 quod
961 220 1096 240 oceanus

87 256 177 296 quasi
201 256 294 286 lunae
319 266 424 286 comes
449 266 520 286 cum
546 266 581 286 ea
604 255 699 285 simul
719 254 853 285 senescit
872 254 1097 294 adolescitque,

59 313 70 332 5
87 300 163 331 hinc
198 299 344 330 videlicet
377 299 437 330 sibi
467 301 690 341 argumentum
719 299 758 329 ad
786 298 981 329 suadendum
1009 309 1097 339 para-

86 345 183 384 visse,
223 347 259 375 ut
297 343 493 375 crederemus
533 344 638 374 omnia
676 354 780 374 rerum
818 343 1028 374 humanarum
1066 344 1098 373 et

87 400 184 430 parva
226 391 257 419 et
295 389 433 419 maxima
470 391 634 428 tamquam
672 388 771 418 stellis
809 390 904 428 atque
942 387 1097 418 sideribus

87 434 211 465 evincta
236 433 307 464 duci
330 435 361 463 et
381 433 456 473 regi.
499 432 576 463 Esse
597 434 703 463 autem
722 432 817 463 nimis
837 443 931 472 quam
953 432 1096 472 ineptum
1109 439 1124 462 4

87 478 338 517 absurdumque,
370 479 418 516 ut,
451 478 602 517 quoniam
631 479 735 507 aestus
765 477 874 507 oceani
903 486 975 507 cum
1004 476 1097 506 lunae

48 536 73 555 ιο
87 523 244 553 curriculo
269 522 425 563 congruit,
453 522 618 563 negotium
642 532 768 561 quoque
793 521 937 560 alicuius,
961 520 1044 561 quod
1069 521 1097 550 ei

88 567 170 598 forte
200 566 237 597 de
266 577 366 606 aquae
395 566 492 597 ductu
522 576 594 596 cum
619 565 771 596 rivalibus
795 568 850 596 aut
874 565 911 596 de
936 565 1098 596 communi

87 612 206 652 pariete
236 621 307 641 cum
335 611 439 641 vicino
464 611 548 651 apud
573 609 708 641 iudicem
733 612 793 649 est,
821 612 857 640 ut
881 610 1098 640 existimemus

87 656 119 687 id
147 655 311 697 negotium
342 655 432 695 quasi
460 655 585 685 habena
613 654 749 694 quadam
778 654 815 685 de
845 654 931 685 caelo
957 654 1098 684 vinctum

88 700 265 742 gubernari.
317 699 408 736 Quod
442 699 501 730 etsi
534 700 565 729 vi
599 702 630 730 et
662 699 784 730 ratione
814 699 963 739 quapiam
993 698 1125 729 divina5

49 758 73 777 15
89 745 157 775 fieri
191 746 310 785 potest,
347 755 548 785 nequaquam
582 743 613 774 id
645 746 753 774 tamen
786 743 935 774 censebat
968 743 1001 773 in
1033 745 1098 773 tam

89 789 178 820 brevi
197 789 376 830 exiguoque
396 789 479 819 vitae
500 788 602 829 spatio
624 787 792 828 quantovis
811 787 950 818 hominis
970 787 1098 828 ingenio

89 832 304 874 conprehendi
341 843 433 873 posse
471 835 502 863 et
540 832 673 873 percipi,
711 834 758 863 set
795 832 966 863 coniectari
999 842 1100 872 pauca

91 877 260 918 quaedam,
288 880 323 908 ut
346 877 443 908 verbo
468 877 568 917 ipsius
592 880 676 916 utar,
704 875 986 917 παχυμερέστερον
1010 876 1099 906 1111110

91 923 240 953 scientiae
271 922 370 952 fundo
405 924 572 962 conceptO,
606 921 661 952 sed
692 921 763 951 fusa
792 923 822 952 et
850 931 931 962 vaga
960 923 991 951 et
1020 920 1100 951 arbi-

50 980 76 998 10
90 967 200 1006 traria,
229 967 331 1006 qualis
359 966 534 1008 longinqua
560 966 724 996 oculorum
748 966 830 996 acies
855 968 902 996 est
926 976 982 1005 per
1005 965 1100 996 inter-

91 1012 174 1042 valla
194 1011 296 1041 media
316 1011 536 1052 caligantium:
555 1010 626 1041 tolh'
646 1010 739 1050 enim,
759 1009 844 1050 qnod
864 1010 1000 1040 maxime
1018 1010 1126 1040 interss

91 1056 166 1086 deos
199 1058 293 1095 atque
327 1055 471 1086 homines
505 1054 623 1094 differt,
656 1054 682 1085 si
714 1054 859 1085 homines
893 1064 1020 1095 quoque
1050 1065 1100 1084 res

92 1100 195 1131 omnis
218 1102 291 1140 post
314 1100 438 1130 futuras
462 1101 712 1140 praenoscerent.
755 1098 861 1140 Ipsam
886 1098 997 1129 deinde
1022 1098 1127 1129 side-7

92 1155 161 1175 rum
186 1140 412 1184 stellarumque
438 1144 705 1182 observationem,
732 1154 827 1183 quam
852 1153 919 1174 esse
944 1143 1100 1184 originem

52 1202 77 1221 85
92 1189 240 1220 scientiae
287 1199 361 1219 suae
408 1188 639 1229 praedicarent,
684 1187 925 1228 hautquaquam
967 1187 1102 1228 putabat

91 1233 211 1274 liquide
235 1233 414 1264 consistere.
458 1232 552 1264 ‘Nam
578 1233 604 1263 si
628 1232 786 1273 principes
807 1231 965 1272 Chaldaei,
990 1232 1043 1272 qui
1068 1232 1128 1262 1118

92 1277 274 1318 patentibus
307 1278 427 1318 campis
456 1277 617 1316 colebant,
649 1277 811 1307 stellarum
840 1279 946 1307 motus
975 1279 1006 1307 et
1035 1277 1101 1307 vias

93 1325 124 1353 et
148 1322 353 1353 discessiones
378 1325 409 1353 et
433 1324 541 1353 coetus
566 1322 739 1360 intuentes,
763 1321 839 1361 quid
863 1332 901 1351 ex
925 1320 974 1351 his
999 1320 1101 1351 effice>

93 1369 192 1406 retur,
223 1366 482 1403 observaverunt,
511 1365 673 1406 procedat’
703 1366 807 1406 inquit
835 1364 924 1396 ‘haec
954 1376 1028 1396 sane
1057 1365 1101 1395 di-

53 1424 79 1444 30
94 1411 240 1451 sciplina,
268 1412 315 1441 set
344 1411 401 1441 sub
429 1422 464 1441 ea
489 1410 583 1441 modo
608 1410 812 1440 inclinatione
837 1410 928 1443 caeli,
957 1409 1014 1440 sub
1039 1420 1101 1450 qua

166 1511 181 1533 4
201 1508 289 1532 Amm.
306 1506 405 1532 XXVI]
420 1509 444 1535 8,
460 1510 475 1532 4

166 1590 180 1612 3
201 1595 285 1613 censu
304 1587 424 1621 Scaliger
440 1589 442 1616 ζ
460 1586 557 1620 ductu]
578 1587 612 1611 H
633 1585 710 1611 dictu
730 1596 750 1611 ω
765 1588 773 1618 l!
788 1589 803 1611 5
823 1585 859 1611 ad
878 1585 1102 1619 persuadendum

94 1624 198 1648 ΗΟΠΖ
217 1624 225 1655 ΙΙ
245 1625 260 1647 6
280 1622 423 1648 credamus
444 1629 470 1655 [a
489 1630 522 1647 ez
541 1624 565 1653 e)
586 1624 606 1650 Q
624 1623 632 1654 ΙΙ
651 1624 666 1647 9
687 1622 739 1656 oc.]
760 1621 874 1647 doceam
889 1623 909 1649 Q
927 1623 935 1653 Η
957 1624 988 1646 12
1008 1621 1101 1647 uicino

94 1658 186 1684 iudice
201 1658 274 1684 inest
289 1658 311 1684 δ
324 1659 333 1690 ΙΙ
349 1660 380 1683 13
396 1667 421 1690 q.
437 1657 463 1683 11.
480 1657 560 1690 quasi
571 1659 592 1685 Q
605 1658 614 1690 Η
630 1659 662 1682 14
677 1657 799 1690 quadam
810 1658 844 1682 11
856 1665 911 1689 qua
922 1659 942 1685 Q
956 1658 964 1690 ΙΙ
981 1659 1012 1682 18
1027 1657 1070 1691 ut]
1082 1659 1102 1685 Q

95 1701 144 1720 om.
165 1703 186 1719 ω
207 1695 215 1726 ΙΙ
238 1695 269 1719 19
294 1693 439 1727 concepto]
459 1695 476 1717 Z
501 1694 595 1726 ceptos
616 1694 636 1721 Q
660 1694 793 1726 concepta
812 1701 831 1726 y
851 1694 860 1725 ΙΙ
881 1695 914 1717 22
937 1692 1040 1725 quique
1060 1694 1080 1720 Q
1093 1692 1103 1727 Η

96 1731 129 1754 26
149 1729 291 1755 considere
305 1731 330 1753 X
348 1728 503 1754 consentire
518 1730 535 1753 Z
550 1730 558 1761 ΙΙ
573 1730 606 1753 28
627 1727 811 1754 dissensiones
828 1729 861 1753 11
