1266 1902
169 10 232 41 228
606 9 682 36 XVH
701 14 732 36 21

127 100 159 123 32
170 91 285 122 Postea
312 91 480 131 Philippus
513 102 552 122 ex
583 91 705 122 insidiis
737 91 901 132 occiditur3
934 94 967 122 at
994 91 1173 122 Alexander

171 146 304 177 regnum
328 135 460 176 adeptus
484 135 522 165 ad
547 135 738 176 subigendos
759 135 870 166 Persas
893 136 926 166 in
945 135 1054 166 Asiam
1078 138 1172 176 atque

127 189 160 211 33
171 180 204 210 in
228 179 389 210 Orientem
412 181 626 220 transgressus
651 181 705 210 est.
748 178 838 210 Alter
861 182 965 210 autem
984 179 1173 220 Alexander,

170 224 221 254 cui
249 225 495 264 cognomentum
519 222 660 254 Molosso
688 223 762 264 fuit7
791 224 824 254 in
846 223 971 254 Italiam
1000 225 1086 255 venit
1108 224 1173 255 bel-

170 269 236 299 lum
265 268 385 308 populo
410 266 554 298 Romano
580 267 721 298 facturus
749 286 785 289 ——
811 268 874 298 iam
898 268 981 298 enim
1005 268 1089 299 fama
1112 268 1173 299 vir-
1201 281 1212 301 5

170 312 247 343 tutis
271 312 495 351 felicitatisque
514 311 676 342 Romanae
700 312 784 352 apud
808 314 929 342 exteras
949 314 1057 353 gentes
1077 312 1173 343 enite-

170 366 256 386 scere
274 356 457 396 inceptabat
475 374 527 395 —,
548 356 602 386 sed
621 356 805 396 priusquam
826 356 945 386 bellum
964 356 1089 396 faceret,
1108 357 1173 387 vita

170 400 309 431 decessit.
361 399 443 430 Eum
473 399 662 440 Molossum,
695 410 765 430 cum
799 400 832 430 in
860 398 984 431 Italiam
1017 401 1173 441 transiret,

171 444 286 475 dixisse
310 444 489 484 accepimus
514 455 546 474 se
571 443 697 484 quidem
721 444 759 475 ad
779 444 940 475 Romanos
964 445 1009 475 ire
1031 445 1121 484 quasi
1141 445 1174 475 in

170 488 365 528 andi-onitin,
389 488 593 519 Macedonem
617 488 656 518 ad
680 488 790 519 Persas
815 489 904 528 quasi
928 489 961 519 in
985 489 1173 530 gynaeconi-
1189 502 1214 521 ιο

127 541 159 563 34
171 533 225 563 tin.
268 532 383 563 Postea
402 532 531 563 Macedo
551 531 730 563 Alexander
751 533 900 573 pleraque
920 534 1009 573 parte
1029 533 1174 563 orientali

171 576 314 615 subacta,
339 587 409 607 cum
435 587 534 607 annos
557 576 704 607 undecim
727 577 935 618 regnavisset,
960 577 1040 607 obiit
1063 577 1173 608 mortis

127 621 261 652 35diem.
316 620 429 661 Neque
466 621 544 651 haut
575 621 670 661 longe
703 623 776 661 post
808 620 1039 651 Aristoteles
1072 621 1173 661 phjlo-

170 665 289 705 sophus
323 667 354 696 et
386 666 459 705 post
486 665 649 705 aliquanto
678 664 951 695 Demosthenes
980 665 1045 696 vita
1072 665 1173 696 functi

127 718 159 741 36
170 711 252 748 sunt,
276 708 438 749 isdemque
461 709 559 739 ferme
583 709 823 749 tempestatibus
847 710 985 749 populus
1010 708 1172 740 Romanus
1188 723 1212 742 15

171 754 259 794 gravi
283 763 318 784 ac
343 753 464 783 diutino
486 752 675 784 Samnitium
700 753 784 784 bello
804 753 1003 784 conflictatus
1022 755 1078 793 est,
1102 763 1172 784 con-

171 798 317 838 sulesque
350 797 494 828 Tiberius
523 797 674 828 Veturius
707 800 738 828 et
765 797 897 838 Spurius
925 797 1108 828 Postumius
1140 797 1174 828 in

169 842 247 872 locis
279 842 395 881 iniquis
424 842 508 882 apud
537 841 690 872 Caudium
719 853 737 872 a
766 841 961 872 Samnitibus
991 842 1173 872 circumval-

170 886 227 916 lati
255 896 291 916 ac
320 885 447 927 subiugi
476 886 563 916 missi
592 886 678 926 turpi
705 886 829 916 foedere
854 886 938 916 facto
964 886 1174 916 discesserunt

172 930 212 960 ob
245 941 377 969 eamque
408 940 534 960 causam
568 930 679 970 populi
707 930 793 960 iussu
823 929 1018 960 Samnitibus
1047 941 1103 970 per
1130 929 1172 960 fe·
1188 944 1213 962 20

171 974 262 1004 tiales
287 974 383 1004 dediti
406 975 525 1014 recepti
548 985 613 1005 non
637 976 716 1005 sunt.

127 1028 159 1050 37
237 1017 314 1048 Post
342 1029 459 1048 annum
488 1019 598 1049 deinde
624 1018 711 1049 urbis
736 1018 879 1049 conditae
904 1018 1174 1059 quadringentesi-

171 1073 257 1092 mum
286 1062 351 1093 fere
380 1064 410 1093 et
439 1063 707 1103 septuagesimum
735 1062 853 1093 bellum
881 1072 952 1093 cum
975 1073 1050 1103 rege
1073 1061 1173 1103 Pyrro

127 1116 159 1138 33
171 1109 333 1147 sumptum
362 1108 416 1137 est.
465 1106 512 1137 Ea
540 1108 727 1147 tempestate
755 1106 942 1146 Epicurus
970 1105 1173 1137 Atheniensis

128 1160 159 1183 39
171 1153 202 1181 et
223 1150 321 1181 Zeno
342 1149 488 1181 Citiensis
512 1150 695 1191 philosophi
719 1150 856 1181 celebres
881 1152 977 1190 erant,
1001 1151 1174 1190 eodemque
1189 1164 1213 1183 25

171 1196 314 1235 tempore
343 1194 374 1225 C.
399 1194 563 1225 Fabricius
591 1195 745 1226 Luscinus
774 1197 805 1225 et
831 1194 864 1231 Q.
889 1194 1044 1225 Aemilius
1068 1194 1173 1235 Papus

172 1249 316 1269 censores
349 1238 469 1269 Romae
506 1240 634 1270 fuerunt
670 1241 701 1270 et
732 1238 765 1269 P.
799 1237 981 1269 Cornelium
1013 1238 1174 1278 Rufinum,

172 1283 226 1323 qui
260 1283 307 1313 bis
340 1284 451 1314 consul
483 1285 514 1314 et
547 1283 681 1314 dictator
707 1283 822 1323 fuerat,
856 1285 965 1314 senatu
994 1284 1173 1322 moverunt3

172 1337 296 1357 causan]
331 1328 384 1358 isti
417 1329 510 1358 notae
539 1328 804 1368 subscripserunt,
838 1328 921 1367 quod
950 1338 1021 1358 eum
1050 1337 1173 1367 compe-

243 1426 274 1448 22
297 1423 365 1448 Plin.
382 1423 443 1448 XVI
461 1426 500 1455 10,
516 1426 548 1448 36
657 1425 688 1448 26
700 1431 758 1455 sqq.
778 1422 815 1448 IV
830 1425 854 1454 8,
871 1425 884 1447 7

244 1515 255 1536 1
274 1511 309 1536 ad
324 1514 340 1536 Ζ
356 1512 384 1537 et
399 1521 418 1536 ω
433 1512 441 1544 Η
457 1514 471 1536 ‘2
487 1511 675 1544 subiugandos
692 1512 725 1536 Π
736 1512 744 1543 ΙΙ
760 1514 774 1536 5
790 1510 886 1544 populi
901 1511 1006 1536 romani
1019 1513 1036 1535 Z
1053 1511 1056 1545 Ι
1072 1511 1173 1536 uirtus-

173 1554 225 1579 que
250 1546 394 1572 felicitatis
418 1554 548 1572 romanae
567 1556 586 1580 γ
609 1546 781 1579 uirtutesque
800 1547 864 1579 (que
884 1555 932 1572 om.
948 1548 976 1579 Τ)
995 1554 1107 1572 romane
1127 1547 1173 1571 61*

171 1590 238 1608 corr.
250 1583 334 1608 Hertz
349 1584 357 1615 ΙΙ
374 1585 387 1607 7
403 1581 566 1615 incaptabat
581 1581 728 1607 0¹11²x¹z
744 1581 878 1614 captabat
894 1583 926 1607 Π
938 1581 1119 1614 inceptabant
1133 1584 1152 1606 Τ
1168 1581 1171 1615 1

172 1617 295 1642 facerent
309 1618 331 1643 δ
349 1618 358 1650 ΙΙ
377 1620 391 1642 8
412 1617 557 1643 transisset
572 1619 591 1645 Q
610 1618 618 1649 Η
639 1620 670 1642 10
690 1617 736 1651 ad]
756 1617 810 1642 isse
825 1617 860 1642 ad
875 1618 963 1642 ΝΟΠ
978 1618 986 1650 ss
1007 1619 1038 1641 13
1058 1616 1138 1650 haut]
1154 1618 1174 1644 Q

172 1652 213 1678 ita
228 1662 247 1677 ω
262 1654 270 1685 ΙΙ
287 1655 317 1677 15
334 1652 527 1685 hi(i)sdemque
539 1662 558 1677 ω
573 1653 581 1685 Η
598 1655 629 1677 19
645 1652 756 1686 subiugi
766 1655 783 1677 Z
799 1652 848 1677 sub
864 1652 929 1685 iugo
941 1654 961 1680 Q
975 1652 1123 1685 subiugum
1133 1660 1152 1685 γ
1165 1651 1174 1686 ΙΙ

172 1690 205 1712 28
225 1687 324 1721 quibus
340 1689 391 1713 dx
405 1689 413 1721 Η
428 1690 460 1712 29
481 1695 647 1720 causamque
661 1697 680 1721 γ
