1266 1902
155 60 217 90 106
604 59 667 85 XJV
688 63 699 85 l

150 141 205 181 qui
234 141 415 172 conveniret
440 141 594 171 diversam
619 151 712 180 super
735 141 844 171 eodem
868 141 936 171 fieri
959 141 1151 172 demonstra-

149 186 282 224 tionem,
312 185 351 225 si,
378 187 414 215 ut
442 185 503 225 ipsi
529 187 689 225 putarent,
717 185 797 215 alius
821 187 915 224 atque
939 185 1018 216 alius
1043 196 1151 215 earun-

151 230 220 260 dem
260 230 421 260 stellarum
455 229 533 259 situs
566 231 660 268 atque
694 228 806 259 ductus
838 229 914 259 alias
947 232 1041 269 atque
1074 229 1151 259 alias

106 281 139 304 ‘20
150 273 293 304 fortunas
318 273 412 303 daret.
456 272 516 303 Sed
540 275 571 303 et
595 273 777 313 nuptiarum
801 275 952 313 tempore,
976 285 1013 304 ex
1038 273 1151 313 quibus

149 318 241 348 liberi
275 319 512 357 quaererentur,
547 318 641 357 atque
674 317 743 357 ipso
777 317 871 347 etiam
905 317 959 348 iHo
993 317 1088 348 maris
1122 319 1152 348 et
1181 329 1192 347 5

150 362 285 392 feminae
322 362 385 392 iam
422 361 573 392 declarari
610 361 695 391 coitu
733 363 877 401 oportere
911 361 1034 392 dicebat
1067 364 1151 392 certo

151 406 288 445 quodam
308 408 339 436 et
358 406 533 436 necessario
554 405 716 436 stellarum
737 406 854 444 ordine,
876 406 983 445 quales
1004 406 1152 445 qualique

150 450 278 480 fortuna
311 449 455 480 homines
488 450 705 490 gignerentur,
740 459 776 479 ae
809 450 909 480 multo
943 450 1038 480 etiam
1072 452 1153 488 ante,

151 504 223 525 cum
257 496 346 534 pater
377 494 443 533 ipse
476 496 570 533 atque
602 496 701 524 mater
729 496 944 532 nascerentur,
977 505 1015 524 ex
1044 504 1153 524 eorum
1241 527 1242 531 Ἰ

152 538 297 579 genitura
316 537 459 568 debuisse
479 538 541 568 iam
560 540 636 568 tunc
652 538 799 578 prospici,
819 538 947 578 quinam
964 538 1039 568 olim
1055 538 1154 568 futuri
1170 550 1194 568 10

152 584 269 621 essent,
298 593 376 622 quos
406 581 438 612 hi
467 582 600 612 creaturi
624 582 740 620 forent,
769 584 800 612 et
824 593 918 621 supra
941 583 1036 623 longe
1060 584 1154 622 atque

152 627 247 667 longe
272 637 327 666 per
351 626 524 665 infinitum,
552 628 599 665 ut,
626 626 652 657 si
676 625 841 665 disciplina
865 626 925 657 ista
948 626 1154 656 fundamento

152 671 260 710 aliquo
285 670 426 701 veritatis
450 671 523 700 nixa
547 672 607 709 est,
634 670 803 700 centesimo
828 681 927 710 usque
951 670 1067 700 abhinc
1091 681 1154 700 sae-

153 715 224 745 culo
249 715 299 745 vel
323 715 423 755 magis
448 714 550 755 primo
573 715 650 745 caeli
670 717 763 754 atque
783 714 891 745 mundi
911 715 1040 745 exordio
1060 716 1154 754 atque

153 759 225 789 inde
262 759 323 789 iam
362 759 508 798 deinceps
546 759 695 789 continua
728 758 971 799 significatione.
1009 758 1155 799 quotiens
1170 770 1195 789 15

154 803 277 844 generis
305 805 448 833 auctores
474 802 612 833 eiusdem
636 802 778 834 homines
802 805 1018 841 nascerentur,
1047 803 1155 833 stellae

154 847 232 877 istae
270 849 520 887 praemonstrare
557 847 734 886 debuerint,
772 848 873 887 qualis
908 847 1056 887 qualique
1089 846 1155 877 fato

110 899 141 921 ‘21
154 891 279 922 futurus
312 891 365 931 sit,
399 891 541 931 quisquis
574 891 667 921 hodie
700 893 792 922 natus
821 894 875 922 est.
929 890 1009 927 ‘Quo
1038 891 1154 921 autem'

155 935 259 975 inquit
283 935 387 975 ‘pacto
412 936 495 966 credi
520 937 624 975 potest
648 935 892 976 uniuscuiusque
912 935 1075 966 stellarum
1095 935 1156 965 for·
1239 957 1240 976 3

155 991 224 1010 mae
253 982 284 1010 et
311 980 478 1019 positionis
505 982 621 1010 sortem
646 982 740 1020 atque
764 980 923 1010 fortunam
948 980 1003 1010 uni
1028 979 1156 1010 omnino
1172 991 1196 1009 20

155 1024 277 1054 homini
314 1026 431 1054 certam
469 1024 719 1064 destinatamque
756 1035 822 1054 esse
858 1034 989 1064 eamque
1022 1024 1156 1054 formam

155 1070 228 1108 post
260 1068 445 1108 longissima
478 1068 673 1099 saeculorum
707 1068 809 1108 spatia
842 1068 978 1106 restitui,
1016 1068 1041 1098 si
1074 1067 1157 1098 vitae

156 1112 417 1151 fortunarumque
446 1113 584 1143 eiusdem
613 1112 749 1143 hominis
774 1112 888 1143 indicia
912 1113 945 1142 in
968 1114 1032 1142 tam
1058 1111 1157 1142 brevi-

156 1156 215 1186 bus
240 1156 414 1186 intervallis
439 1167 494 1196 per
518 1156 661 1197 singulos
685 1157 838 1186 maiorum
863 1157 929 1187 eius
954 1156 1068 1197 gradus
1090 1166 1157 1195 per-

157 1211 217 1240 que
241 1200 401 1230 infim'tum
426 1201 659 1231 successionum
682 1201 822 1231 ordinem
842 1203 906 1231 tam
927 1211 1019 1240 saepe
1038 1210 1073 1230 ac
1092 1202 1157 1230 tam
1173 1212 1197 1230 25

157 1244 376 1284 multipliciter
409 1245 516 1275 eadem
547 1245 614 1284 ipsa
647 1255 710 1275 non
743 1244 849 1275 eadem
884 1245 1046 1275 stellarum
1078 1243 1158 1274 facie

113 1296 145 1318 22
158 1288 369 1319 denotantur?
416 1288 506 1325 Quod
535 1289 561 1319 si
589 1289 621 1319 id
648 1289 716 1319 fieri
744 1290 849 1328 potest
873 1299 970 1328 eaque
995 1287 1158 1318 diversitas

157 1335 251 1372 atque
276 1333 410 1363 varietas
434 1333 612 1363 admittitur
630 1344 686 1373 per
705 1333 806 1363 omnis
825 1332 1024 1372 antiquitatis
1044 1331 1158 1373 gradus

158 1377 196 1407 ad
226 1377 431 1418 significanda
459 1388 567 1407 eorum
596 1376 774 1416 hominum,
803 1377 856 1416 qui
885 1378 957 1417 post
983 1378 1159 1414 nascentur,
1235 1398 1238 1409 .

158 1421 295 1459 exordia,
321 1421 507 1461 imparilitas
532 1421 608 1451 haec
632 1421 739 1451 turbat
759 1421 1019 1459 observationem,
1045 1420 1158 1450 omnjs-
1173 1432 1199 1451 30
1234 1429 1236 1462 g
1264 1452 1266 1455 ,

115 1473 147 1495 ‘23
160 1476 219 1505 que
239 1465 319 1495 ratio
340 1465 523 1505 disciplinae
543 1465 764 1495 eonfunditur’
803 1464 869 1495 Iam
889 1475 962 1495 vero
982 1464 1013 1494 id
1031 1464 1159 1494 minime

159 1509 326 1539 ferundum
356 1510 516 1548 censebat,
545 1509 629 1549 quod
656 1519 721 1539 non
750 1509 842 1539 modo
873 1519 962 1539 casus
986 1511 1017 1538 et
1041 1510 1160 1547 eventa,

159 1564 239 1593 quae
268 1553 428 1584 evenirent
458 1554 664 1592 extrinsecus,
698 1552 750 1583 sed
779 1552 909 1583 consilia
938 1563 1064 1592 quoque
1092 1552 1160 1592 ipsa

232 1670 243 1691 1
266 1666 362 1700 (non)
379 1665 536 1691 conveniret
553 1666 629 1699 Mdy.
644 1667 653 1699 ΙΙ
667 1669 682 1691 ὅ
702 1666 740 1699 et]
757 1666 778 1691 δ
798 1673 829 1691 ac
845 1666 902 1691 ΟΠ
921 1667 1005 1698 atque
1019 1667 1070 1690 Nx
1083 1666 1092 1697 ΙΙ
1108 1668 1122 1690 6
1137 1673 1158 1690 c.

159 1702 215 1727 iam
235 1701 303 1727 decl.
323 1710 341 1735 γ
361 1702 370 1734 Η
391 1704 406 1726 8
427 1702 499 1733 ante,
519 1710 581 1726 cum
601 1702 685 1727 Hertz
709 1701 857 1733 antequam
878 1711 898 1726 ω
919 1702 927 1734 Η
950 1703 979 1726 11
1001 1700 1040 1726 hii
1060 1700 1161 1726 όἼῘΧΒ

160 1737 179 1762 ii
196 1739 241 1762 No
258 1746 306 1763 om.
322 1739 345 1761 X
359 1738 367 1770 ΙΙ
384 1739 414 1761 16
433 1736 552 1762 hominis
568 1738 612 1770 γρ.
626 1738 634 1768 Η
649 1739 679 1761 31
697 1735 767 1761 Nam
783 1739 799 1760 Z
814 1737 822 1769 ΙΙ
838 1739 869 1761 3-2.
885 1737 913 1761 et
929 1744 977 1761 om.
993 1738 1016 1760 X
1035 1737 1076 1761 est
1092 1735 1163 1761 0¹11
