1291 1912
53 543 76 563 10

52 766 76 786 15

52 989 78 1008 80

54 1209 78 1228 25

528 45 578 72 XV
598 48 625 79 2;
647 48 661 71 3
1040 43 1101 75 129

156 129 262 170 Atque
295 129 357 160 hoc
389 128 485 159 etiam
514 127 624 159 Plato
658 127 775 158 ibidem
810 126 887 157 dicit
920 137 984 157 non
1015 126 1128 158 defu-6

89 174 219 217 giendas
253 184 320 205 esse
349 184 452 213 neque
481 172 673 213 respuendas
702 171 922 202 huiuscemodi
951 171 1102 201 exercita-

89 220 192 251 tiones
221 218 388 249 adversum
417 217 666 258 propulsandam
694 216 761 247 vini
790 215 974 246 violentiam
999 226 1102 255 neque

90 264 192 294 ullum
220 273 373 303 umquam
398 262 614 293 continentem
639 271 785 302 prorsum
811 271 847 291 ac
871 262 1101 301 temperantem

90 308 167 339 satis
200 307 337 338 fideliter
368 307 471 337 visum
506 317 587 346 esse,
620 306 709 337 cuius
742 305 808 335 vita
841 305 1008 345 victusque
1038 315 1104 335 non

91 353 173 384 inter
200 352 270 393 ipsa
298 362 441 382 errorum
470 350 612 391 pericula
640 352 672 381 et
699 350 732 380 in
761 349 873 380 mediis
900 350 1102 390 voluptatum

91 396 258 428 inlecebris
283 396 448 437 explorata
472 395 522 426 sit.
564 394 647 425 Nam
672 394 723 426 cui
746 394 897 425 libentiae
917 394 1129 435 gratiaeque?

91 452 200 472 omnes
241 441 460 472 conviviorum
497 439 679 481 incognitae
717 439 781 469 sint
819 438 937 479 quique
974 439 1103 469 illarum

91 486 221 516 omnino
246 495 359 526 expers
383 485 432 524 sit,
457 485 483 515 si
508 495 580 515 eum
604 484 687 514 forte
708 483 747 514 ad
767 483 1004 523 participandas
1024 483 1104 514 eius—

91 530 177 561 modi
206 530 388 570 voluptates
417 531 472 559 aut
500 528 648 559 voluntas
677 528 787 559 tulerit
815 530 869 558 aut
899 538 989 558 casus
1014 528 1104 558 indu-

92 575 174 606 xerit
199 577 253 606 aut
276 574 447 605 necessitas
472 573 676 614 compulerit,
705 572 835 603 deleniri
861 572 1049 612 plerumque
1073 573 1104 602 et

92 619 162 660 capi
195 630 298 659 neque
331 621 470 649 mentem
499 618 705 657 animumque
733 617 800 648 eius
830 617 1016 656 consistere,
1050 616 1105 647 sed

91 664 123 694 vi
166 663 301 704 quadam
339 673 422 694 nova
459 663 558 693 ictum
597 661 765 693 labascere.
826 661 1130 703 Congrediendums

92 708 191 750 igitur
224 707 348 739 censuit
376 709 407 738 et
435 709 599 747 tamquam
628 707 661 737 in
689 707 756 737 acie
784 705 920 746 quadam
950 716 1022 737 cum
1051 716 1105 736 vo-

92 753 240 794 luptariis
274 752 369 783 rebus
403 762 539 792 cumque
572 752 634 782 ista
665 751 731 781 vini
763 751 892 782 licentia
926 750 1104 781 comminus

92 797 338 837 decernendum,
371 798 407 827 ut
440 796 607 827 adversum
637 806 689 826 eas
717 805 783 826 non
810 795 888 837 fuga
916 795 1014 825 simus
1043 795 1105 825 tuti

92 852 150 873 nec
174 841 326 881 absentia,
350 841 405 872 sed
428 841 538 882 vigore
563 840 660 871 animi
684 842 715 871 et
738 840 897 871 constanti
917 840 1105 880 praesentia,

92 886 320 926 moderatoque
349 897 407 916 usu
431 885 676 926 temperantiam
701 884 994 924 continentiamque
1019 886 1105 915 tuea-

92 942 164 961 mur
196 933 228 961 et
256 930 409 961 calefacto
439 930 535 960 simul
563 930 730 970 refotoque
757 929 877 968 animo,
911 929 938 959 si
967 929 1044 969 quid
1072 929 1106 959 in

93 986 129 1006 eo
149 975 200 1006 vel
219 975 353 1016 frigidae
373 975 522 1005 tristitiae
541 974 592 1004 vel
607 973 762 1014 torpentis
778 973 986 1005 verecundiae
1000 973 1106 1012 fuerit,

93 1019 265 1050 deluamus.

577 1070 625 1102 HI

93 1128 166 1161 Quid
186 1129 221 1154 M.
243 1128 337 1156 Cicero
362 1129 396 1155 de
420 1128 560 1162 particula
584 1128 638 1153 ista
663 1128 779 1154 senserit
799 1127 1009 1161 scripseritque,
1035 1135 1106 1160 quae

128 1165 289 1198 praeposita
312 1166 355 1190 est
377 1164 468 1190 verbis
495 1164 632 1197 ‘aufugio’
659 1165 686 1190 et
712 1163 844 1195 ‘aufer0';
869 1164 898 1189 et
919 1171 954 1188 an
974 1162 1003 1188 in
1023 1163 1106 1189 verbo

130 1201 267 1226 ‘autumo’
288 1200 386 1226 eadem
406 1200 493 1226 istaec
513 1199 684 1233 praepositio
704 1207 764 1225 esse
782 1199 871 1225 videri
892 1198 1000 1224 debeat.

160 1259 311 1301 Legimus
335 1259 453 1291 librum
477 1259 518 1290 M.
544 1258 755 1299 Ciceronis,
784 1258 839 1299 qui
862 1258 1034 1299 inscriptus
1059 1260 1131 1289 est1

94 1306 230 1335 orator.
278 1303 315 1335 In
344 1316 381 1336 eo
410 1304 492 1335 libro
517 1303 674 1343 (XLVII
689 1304 765 1343 158)
790 1302 935 1343 Cicero,
964 1313 1037 1333 cum
1062 1302 1132 1333 di-·2

94 1349 192 1379 xisset
220 1349 315 1380 verba
338 1349 416 1380 haec
441 1348 596 1390 ‘aufugio’
623 1350 654 1379 et
679 1348 809 1378 ‘aufero’
836 1347 1015 1387 composita
1039 1347 1106 1387 qui-

95 1393 165 1424 dem
190 1404 257 1424 esse
281 1404 319 1424 ex
344 1393 580 1434 praepositione
606 1392 668 1423 ‘ab’
694 1395 726 1424 et
749 1403 787 1423 ex
812 1392 917 1423 verbis
940 1391 1053 1433 *fugio’
1075 1393 1107 1422 et

166 1484 198 1507 26
210 1490 268 1514 sqq.
290 1480 361 1507 ΘΜ(
376 1481 400 1506 V
416 1483 475 1513 600,
493 1483 537 1511 17;
554 1483 612 1511 632,
629 1482 657 1512 63
674 1482 733 1513 637,
750 1482 782 1505 20
803 1479 849 1505 cfr.
866 1479 917 1505 VH
932 1481 973 1510 60,
990 1481 1003 1504 7
1024 1478 1049 1504 Π
1066 1481 1106 1510 18,

98 1520 141 1549 14;
162 1520 203 1548 39,
220 1520 247 1548 33
268 1520 309 1549 46,
327 1520 358 1542 16
370 1516 404 1542 al.
426 1516 475 1541 VH
492 1519 550 1548 161,
566 1519 598 1541 22
619 1515 722 1541 Anecd.
738 1515 771 1541 H.
788 1518 848 1547 295,
861 1518 893 1540 24
911 1514 1106 1546 Quint.15,69

167 1601 181 1623 5
202 1597 246 1623 cui
266 1598 354 1624 Maer.
373 1598 376 1630 Ι
392 1596 460 1630 vita]
482 1597 574 1622 uisum
593 1596 656 1629 ipsa
675 1598 695 1624 Q
709 1598 718 1629 Η
734 1599 764 1621 11
786 1595 930 1629 impulerit
949 1603 1012 1620 mox
1032 1593 1106 1620 dele-

95 1633 148 1659 uiri
169 1635 196 1659 et
212 1633 301 1659 Macr.
317 1635 325 1666 ΙΙ
341 1635 373 1658 16
394 1632 450 1658 dec.
468 1632 520 1661 ait:
541 1631 603 1657 adu.
619 1634 643 1656 X
657 1633 666 1665 Η
682 1634 713 1657 19
729 1631 768 1666 et]
783 1633 818 1657 te.
840 1630 875 1656 Et
890 1633 910 1659 0,
926 1632 930 1665 l
946 1630 1106 1663 refectoque

96 1671 137 1701 (ec
155 1677 188 1695 esc
207 1671 231 1696 e>
252 1671 341 1701 91121
362 1668 501 1693 diluamus
524 1669 554 1693 Π
575 1668 664 1694 Maer.
690 1667 836 1693 deluamur
854 1669 878 1691 N
892 1668 900 1699 ΙΙ
915 1669 948 1692 ’24
969 1666 1022 1700 est]
1043 1669 1108 1691 sunt

96 1705 139 1730 est
149 1706 169 1733 0,
182 1706 191 1737 ΙΙ
206 1707 238 1730 25
253 1704 309 1730 ista
320 1705 354 1730 H
365 1704 420 1729 ista
430 1703 521 1737 ha(e)e
533 1714 552 1729 ω
565 1712 632 1730 corr⁴
644 1703 729 1729 Hertz
743 1704 751 1736 ΙΙ
766 1705 799 1728 26
815 1702 850 1728 M.
862 1710 912 1729 om.
923 1711 942 1736 γ
956 1704 964 1735 ΙΙ
980 1704 1012 1727 ’29
1027 1709 1108 1735 prae-

97 1740 219 1766 cessione
235 1742 255 1768 0.

150 1789 255 1808 Θιιωνε
273 1789 306 1808 ed,
321 1789 428 1808 Hosius
444 1789 467 1807 Π
932 1784 946 1807 9
