1266 1902
160 69 224 100 236
578 70 665 97 XVHI
685 74 712 103 εὶς
733 74 747 96 3

160 150 347 181 meminerat
365 150 484 182 dictum
505 162 572 182 esse
586 163 604 182 a
619 151 654 188 Q.
669 151 791 182 Ennio
807 152 839 182 id
853 152 984 184 verbum
1000 153 1033 183 in
1047 153 1163 184 tertio

161 194 304 225 decimo
329 195 521 226 annalium
545 196 579 226 in
602 197 663 226 isto
687 206 780 226 versu
805 196 944 235 (407M.
964 198 1029 228 257
1042 197 1110 237 B.):

382 257 482 287 satin
505 260 609 288 vates
633 260 765 288 verant
788 259 912 289 aetate
935 258 973 289 in
996 258 1164 300 agunda?

162 316 286 348 Corona
314 319 412 359 igitur
439 319 533 350 huius
560 319 753 359 quaestionis
778 319 836 350 deo
859 320 1008 351 feriarum
1033 321 1164 351 istarum

162 360 298 392 Saturno
324 362 434 393 datast.
1193 377 1204 396 5

640 432 687 464 ΙΙΙ

162 491 234 523 Quid
244 493 395 518 Aeschines
408 493 501 519 rhetor
511 494 539 518 in
551 494 683 526 oratione,
699 502 754 526 qua
764 493 941 520 Timarchum
953 494 987 520 de
997 495 1166 528 inpudicitia

197 528 350 559 accusavit,
378 528 611 554 Lacedaemonios
640 529 770 555 statuisse
797 529 899 555 dixerit
923 538 1005 563 super
1028 530 1166 556 sententia

196 563 406 597 probatissima,
427 572 510 597 quam
529 564 771 597 inprobatissimus
790 564 872 590 homo
892 565 1014 591 dixisset.

136 637 148 659 1
227 625 449 667 Aeschines,
469 627 518 657 vel
535 628 705 658 acerrimus
720 628 1048 668 prudentissimusque
1063 631 1165 660 orato-
1180 641 1205 660 10

160 682 245 710 rum,
275 672 329 711 qui
355 672 439 711 apud
463 672 626 702 contiones
650 671 891 703 Atheniensium
916 672 1103 711 floruerunt,
1131 673 1165 704 in

162 716 335 746 oratione
368 716 423 746 illa
454 726 546 746 saeva
575 716 805 756 criminosaque
833 718 864 747 et
891 717 1062 757 virulenta,
1095 728 1165 758 qua

160 759 399 790 Timarchum
434 760 475 790 de
508 760 739 800 inpudicitia
769 761 907 801 graviter
935 761 1165 802 insigniterque

160 803 377 843 accusabat,
396 804 503 834 nobile
523 806 554 835 et
573 805 705 835 inlustre
724 805 891 835 consilium
907 804 1164 836 Lacedaemoniis

160 848 282 878 dedisse
302 848 379 878 dicit
398 848 500 878 virum
520 849 658 879 indidem
679 849 814 879 civitatis
834 849 974 880 eiusdem
989 850 1164 890 principem
1180 861 1204 881 1⁵

162 892 279 922 virtute
303 894 398 931 atque
423 894 525 923 aetate
549 904 664 934 magna
687 893 872 933 praeditum.

135 945 149 968 2
230 935 395 976 ‘Populus’
418 936 522 976 inquit
540 940 577 976 (c.
592 937 668 976 180)
688 937 966 968 ‘Lacedaemonius
986 938 1023 968 de
1043 948 1166 968 summa

160 980 324 1020 republica
343 991 407 1020 sua,
432 981 581 1020 quidnam
602 983 683 1012 esset
701 981 779 1012 utile
799 983 830 1012 et
848 981 1027 1021 honestum,
1051 981 1165 1013 delibe-

135 1024 259 1055 3rabat.
306 1024 387 1055 Tum
416 1026 541 1066 exurgit
569 1025 741 1056 sententiae
770 1026 918 1056 dicendae
944 1027 1045 1067 gratia
1069 1026 1165 1057 homo

162 1069 319 1108 quispiam
357 1069 553 1109 turpitudine
587 1070 738 1109 pristinae
770 1070 853 1100 vitae
887 1070 1166 1110 diffamatissimus,
1180 1082 1204 1102 20

161 1112 214 1143 sed
243 1113 354 1153 lingna
383 1116 457 1143 tunc
485 1115 580 1153 atque
607 1114 753 1144 facundia
776 1114 909 1144 nimium
935 1117 1053 1154 quanto
1078 1125 1164 1154 prae-

133 1157 292 1188 4stabilis.
337 1156 522 1196 Consilium,
546 1158 630 1197 quod
650 1157 744 1188 dabat
763 1158 911 1198 quodque
931 1160 1076 1198 oportere
1096 1158 1164 1189 fieri

160 1201 324 1240 suadebat,
358 1204 521 1241 acceptum
555 1202 594 1232 ab
625 1202 778 1232 universis
807 1204 838 1232 et
866 1202 1079 1242 conplacitum
1108 1204 1163 1243 est,

159 1245 365 1284 futurumque
399 1248 465 1276 erat
497 1256 535 1276 ex
568 1246 634 1276 eins
668 1246 821 1276 sententia
854 1246 965 1286 populi
995 1246 1162 1277 decretum.

133 1288 207 1320 5Ibi
233 1300 313 1319 unus
339 1300 376 1319 ex
401 1290 456 1319 illo
481 1290 659 1330 principum
683 1289 800 1329 ordine,
824 1300 903 1329 quos
922 1290 1163 1321 Lacedaemonii
1178 1302 1201 1322 25
1236 1291 1244 1318 l·

159 1334 271 1363 aetatis
309 1334 536 1374 dignitatisque
573 1335 736 1364 maiestate
768 1336 930 1374 tamquam
964 1334 1099 1365 arbitros
1132 1337 1163 1365 et

159 1378 328 1418 magistros
366 1378 550 1417 disciplinae
584 1378 730 1418 publicae
762 1378 965 1419 verebantur,
1002 1381 1162 1409 commoto

158 1421 346 1461 irritatoque
365 1422 470 1452 animo
491 1422 580 1452 exilit
599 1424 641 1452 et:
663 1422 849 1462 ‘quaena1n7'
875 1423 979 1462 inquit
999 1422 1163 1454 ‘Lacedae—

159 1466 271 1505 monii,
302 1466 382 1496 ratio
411 1468 465 1496 aut
494 1477 573 1506 quae
601 1466 727 1496 tandem
757 1477 826 1506 spes
856 1467 915 1497 erit
942 1466 1052 1497 urbem
1081 1466 1162 1498 hanc

159 1511 190 1539 et
217 1509 298 1539 hanc
326 1510 553 1550 rempublicam
583 1510 701 1540 salvam
728 1510 1071 1551 inexpugnabilemque
1095 1522 1161 1542 esse
1175 1523 1200 1543 so

230 1616 260 1638 17
272 1622 330 1646 sqq.
351 1613 421 1638 Plut.
438 1622 527 1646 praec,
544 1614 577 1639 de
592 1621 647 1646 rep.
663 1622 718 1647 ger.
735 1617 750 1639 4
766 1623 790 1646 p.
808 1617 857 1639 801
871 1614 889 1639 C

228 1713 243 1735 4
267 1711 371 1735 starum
390 1712 434 1735 ΝΖ
458 1711 466 1743 ΙΙ
490 1713 504 1735 8
528 1710 667 1736 recusauit
686 1711 708 1735 δ
736 1711 863 1736 causauit
881 1714 905 1736 X
928 1712 936 1745 Η
961 1714 992 1736 14
1017 1711 1159 1737 accusauit

157 1746 222 1777 (-bit
236 1747 264 1775 Ζ)
282 1748 323 1779 γΖ
338 1747 345 1779 Η
361 1748 393 1771 20
413 1745 648 1771 defamatissimus
667 1754 686 1779 γ
699 1747 708 1778 11
724 1748 755 1771 28
775 1746 902 1779 iratoque
920 1755 938 1780 y
953 1748 961 1780 Η
976 1749 1008 1772 29
1029 1748 1112 1780 atque
1128 1748 1162 1772 11
