<?xml version="1.0" encoding="UTF-8"?>
<!DOCTYPE html PUBLIC "-//W3C//DTD XHTML 1.0 Transitional//EN"
    "http://www.w3.org/TR/xhtml1/DTD/xhtml1-transitional.dtd">
<html xmlns="http://www.w3.org/1999/xhtml" xml:lang="en" lang="en">
 <head>
  <title>
</title>
<meta http-equiv="Content-Type" content="text/html;charset=utf-8" />
  <meta name='ocr-system' content='tesseract 3.04.00' />
  <meta name='ocr-capabilities' content='ocr_page ocr_carea ocr_par ocr_line ocrx_word'/>
</head>
<body>
  <div class='ocr_page' id='page_1' title='image "./agelliinoctiumat02gelluoft_0144.png"; bbox 0 0 1266 1902; ppageno 0'>
   <div class='ocr_carea' id='block_1_1' title="bbox 166 51 773 84">
    <p class='ocr_par' dir='ltr' id='par_1_1' title="bbox 166 51 773 84">
     <span class='ocr_line' id='line_1_1' title="bbox 166 51 773 84; baseline -0.013 0"><span class='ocrx_word' id='word_1_1' title='bbox 166 52 227 84; x_wconf 83' lang='lat'><strong>138</strong></span> <span class='ocrx_word' id='word_1_2' title='bbox 557 51 607 78; x_wconf 89' lang='lat' dir='ltr'><strong>XV</strong></span> <span class='ocrx_word' id='word_1_3' title='bbox 627 54 655 84; x_wconf 83' lang='lat'><strong>9;</strong></span> <span class='ocrx_word' id='word_1_4' title='bbox 676 54 721 84; x_wconf 72' lang='lat'><strong>103</strong></span> <span class='ocrx_word' id='word_1_5' title='bbox 744 54 773 77; x_wconf 90' lang='lat'><strong>11</strong></span> 
     </span>
    </p>
   </div>
   <div class='ocr_carea' id='block_1_2' title="bbox 121 132 1171 307">
    <p class='ocr_par' dir='ltr' id='par_1_2' title="bbox 121 132 1171 307">
     <span class='ocr_line' id='line_1_2' title="bbox 164 132 1171 173; baseline -0.002 -8"><span class='ocrx_word' id='word_1_6' title='bbox 164 134 289 165; x_wconf 82' lang='lat' dir='ltr'><strong>(liceret.</strong></span> <span class='ocrx_word' id='word_1_7' title='bbox 341 133 402 164; x_wconf 81' lang='lat' dir='ltr'><strong>Sed</strong></span> <span class='ocrx_word' id='word_1_8' title='bbox 436 143 507 163; x_wconf 88' lang='lat' dir='ltr'><strong>cum</strong></span> <span class='ocrx_word' id='word_1_9' title='bbox 540 133 637 164; x_wconf 89' lang='lat' dir='ltr'><strong>homo</strong></span> <span class='ocrx_word' id='word_1_10' title='bbox 670 133 794 163; x_wconf 89' lang='lat' dir='ltr'><strong>voltum</strong></span> <span class='ocrx_word' id='word_1_11' title='bbox 824 132 1019 173; x_wconf 65' lang='lat' dir='ltr'>intorqueret</span> <span class='ocrx_word' id='word_1_12' title='bbox 1047 134 1078 163; x_wconf 92' lang='lat' dir='ltr'><strong>et</strong></span> <span class='ocrx_word' id='word_1_13' title='bbox 1105 142 1171 162; x_wconf 90' lang='lat' dir='ltr'><strong>non</strong></span> 
     </span>
     <span class='ocr_line' id='line_1_3' title="bbox 164 176 1170 218; baseline -0.002 -9"><span class='ocrx_word' id='word_1_14' title='bbox 164 178 300 209; x_wconf 89' lang='lat' dir='ltr'><strong>hisceret</strong></span> <span class='ocrx_word' id='word_1_15' title='bbox 332 180 363 209; x_wconf 89' lang='lat' dir='ltr'><strong>et</strong></span> <span class='ocrx_word' id='word_1_16' title='bbox 396 178 517 208; x_wconf 91' lang='lat' dir='ltr'><strong>colores</strong></span> <span class='ocrx_word' id='word_1_17' title='bbox 550 179 700 215; x_wconf 87' lang='lat' dir='ltr'><strong>mutaret,</strong></span> <span class='ocrx_word' id='word_1_18' title='bbox 736 178 805 207; x_wconf 87' lang='lat' dir='ltr'><strong>tum</strong></span> <span class='ocrx_word' id='word_1_19' title='bbox 838 187 897 218; x_wconf 84' lang='lat' dir='ltr'><strong>ego</strong></span> <span class='ocrx_word' id='word_1_20' title='bbox 930 176 1094 208; x_wconf 86' lang='lat' dir='ltr'><strong>intercessi</strong></span> <span class='ocrx_word' id='word_1_21' title='bbox 1126 178 1170 207; x_wconf 92' lang='lat' dir='ltr'><strong>et:</strong></span> 
     </span>
     <span class='ocr_line' id='line_1_4' title="bbox 165 220 1170 262; baseline -0.003 -9"><span class='ocrx_word' id='word_1_22' title='bbox 165 222 266 253; x_wconf 70' lang='lat' dir='ltr'><strong>‘vade&#39;</strong></span> <span class='ocrx_word' id='word_1_23' title='bbox 287 223 417 262; x_wconf 90' lang='lat' dir='ltr'><strong>inquam</strong></span> <span class='ocrx_word' id='word_1_24' title='bbox 438 221 534 252; x_wconf 77' lang='lat' dir='ltr'><strong>‘nunc</strong></span> <span class='ocrx_word' id='word_1_25' title='bbox 553 223 584 252; x_wconf 87' lang='lat' dir='ltr'><strong>et</strong></span> <span class='ocrx_word' id='word_1_26' title='bbox 602 221 719 252; x_wconf 77' lang='lat' dir='ltr'><strong>habeto</strong></span> <span class='ocrx_word' id='word_1_27' title='bbox 739 221 778 252; x_wconf 86' lang='lat' dir='ltr'><strong>ad</strong></span> <span class='ocrx_word' id='word_1_28' title='bbox 797 221 1020 261; x_wconf 89' lang='lat' dir='ltr'><strong>requirendum</strong></span> <span class='ocrx_word' id='word_1_29' title='bbox 1038 220 1170 262; x_wconf 84' lang='lat' dir='ltr'><strong>triginta</strong></span> 
     </span>
     <span class='ocr_line' id='line_1_5' title="bbox 121 264 1170 307; baseline -0.003 -9"><span class='ocrx_word' id='word_1_30' title='bbox 121 275 151 298; x_wconf 90' lang='grc'><strong>11</strong></span> <span class='ocrx_word' id='word_1_31' title='bbox 165 267 244 307; x_wconf 75' lang='lat' dir='ltr'><strong>dies3</strong></span> <span class='ocrx_word' id='word_1_32' title='bbox 268 269 437 307; x_wconf 78' lang='lat' dir='ltr'>postquam</span> <span class='ocrx_word' id='word_1_33' title='bbox 462 265 628 305; x_wconf 83' lang='lat' dir='ltr'><strong>inveneris,</strong></span> <span class='ocrx_word' id='word_1_34' title='bbox 651 266 774 306; x_wconf 87' lang='lat' dir='ltr'><strong>repetes</strong></span> <span class='ocrx_word' id='word_1_35' title='bbox 799 265 877 296; x_wconf 90' lang='lat' dir='ltr'><strong>nos&#39;.</strong></span> <span class='ocrx_word' id='word_1_36' title='bbox 919 264 1026 305; x_wconf 89' lang='lat' dir='ltr'><strong>Atque</strong></span> <span class='ocrx_word' id='word_1_37' title='bbox 1050 265 1095 295; x_wconf 87' lang='lat' dir='ltr'><strong>ita</strong></span> <span class='ocrx_word' id='word_1_38' title='bbox 1115 264 1170 295; x_wconf 90' lang='lat' dir='ltr'><strong>ho-</strong></span> 
     </span>
    </p>
   </div>
   <div class='ocr_carea' id='block_1_3' title="bbox 164 309 1258 351">
    <p class='ocr_par' dir='ltr' id='par_1_3' title="bbox 164 309 1258 351">
     <span class='ocr_line' id='line_1_6' title="bbox 164 309 1258 351; baseline 0 -10"><span class='ocrx_word' id='word_1_39' title='bbox 164 312 281 342; x_wconf 89' lang='lat' dir='ltr'><strong>minem</strong></span> <span class='ocrx_word' id='word_1_40' title='bbox 309 311 390 341; x_wconf 78' lang='lat' dir='ltr'><strong>nulli</strong></span> <span class='ocrx_word' id='word_1_41' title='bbox 418 310 463 341; x_wconf 88' lang='lat' dir='ltr'><strong>rei</strong></span> <span class='ocrx_word' id='word_1_42' title='bbox 491 310 531 340; x_wconf 85' lang='lat' dir='ltr'><strong>ad</strong></span> <span class='ocrx_word' id='word_1_43' title='bbox 558 309 772 351; x_wconf 80' lang='lat' dir='ltr'><strong>indagandum</strong></span> <span class='ocrx_word' id='word_1_44' title='bbox 801 309 1004 349; x_wconf 85' lang='lat' dir='ltr'><strong>vocabulum,</strong></span> <span class='ocrx_word' id='word_1_45' title='bbox 1034 320 1096 349; x_wconf 93' lang='lat' dir='ltr'><strong>quo</strong></span> <span class='ocrx_word' id='word_1_46' title='bbox 1124 319 1170 339; x_wconf 88' lang='lat' dir='ltr'><strong>re-</strong></span> <span class='ocrx_word' id='word_1_47' title='bbox 1199 322 1210 341; x_wconf 88' lang='lat'>5</span> <span class='ocrx_word' id='word_1_48' title='bbox 1254 314 1258 331; x_wconf 73' lang='lat'><strong>³</strong></span> 
     </span>
    </p>
   </div>
   <div class='ocr_carea' id='block_1_4' title="bbox 164 354 876 393">
    <p class='ocr_par' dir='ltr' id='par_1_4' title="bbox 164 354 876 393">
     <span class='ocr_line' id='line_1_7' title="bbox 164 354 876 393; baseline -0.003 -7"><span class='ocrx_word' id='word_1_49' title='bbox 164 355 321 386; x_wconf 71' lang='lat' dir='ltr'><strong>scinderet</strong></span> <span class='ocrx_word' id='word_1_50' title='bbox 344 355 521 385; x_wconf 78' lang='lat' dir='ltr'><strong>finitionem</strong></span> <span class='ocrx_word' id='word_1_51' title='bbox 546 354 667 393; x_wconf 85' lang='lat' dir='ltr'><strong>fictam,</strong></span> <span class='ocrx_word' id='word_1_52' title='bbox 692 354 876 384; x_wconf 80' lang='lat' dir='ltr'><strong>dimisimus.</strong></span> 
     </span>
    </p>
   </div>
   <div class='ocr_carea' id='block_1_5' title="bbox 653 441 683 472">
    <p class='ocr_par' dir='ltr' id='par_1_5' title="bbox 653 441 683 472">
     <span class='ocr_line' id='line_1_8' title="bbox 653 441 683 472; baseline 0 0"><span class='ocrx_word' id='word_1_53' title='bbox 653 441 683 472; x_wconf 91' lang='lat' dir='ltr'>X</span> 
     </span>
    </p>
   </div>
   <div class='ocr_carea' id='block_1_6' title="bbox 200 501 1138 536">
    <p class='ocr_par' dir='ltr' id='par_1_6' title="bbox 200 501 1138 536">
     <span class='ocr_line' id='line_1_9' title="bbox 200 501 1138 536; baseline -0.003 -8"><span class='ocrx_word' id='word_1_54' title='bbox 200 503 240 529; x_wconf 87' lang='lat' dir='ltr'><strong>De</strong></span> <span class='ocrx_word' id='word_1_55' title='bbox 260 503 416 529; x_wconf 79' lang='lat' dir='ltr'><strong>voluntario</strong></span> <span class='ocrx_word' id='word_1_56' title='bbox 437 505 464 528; x_wconf 83' lang='lat' dir='ltr'><strong>et</strong></span> <span class='ocrx_word' id='word_1_57' title='bbox 484 502 647 528; x_wconf 73' lang='lat' dir='ltr'><strong>admirando</strong></span> <span class='ocrx_word' id='word_1_58' title='bbox 667 502 781 528; x_wconf 87' lang='lat' dir='ltr'><strong>interitu</strong></span> <span class='ocrx_word' id='word_1_59' title='bbox 800 502 939 536; x_wconf 81' lang='lat' dir='ltr'><strong>virginum</strong></span> <span class='ocrx_word' id='word_1_60' title='bbox 959 501 1138 526; x_wconf 76' lang='lat' dir='ltr'><strong>Milesiarum.</strong></span> 
     </span>
    </p>
   </div>
   <div class='ocr_carea' id='block_1_7' title="bbox 138 563 1211 1138">
    <p class='ocr_par' dir='ltr' id='par_1_7' title="bbox 140 563 1211 829">
     <span class='ocr_line' id='line_1_10' title="bbox 140 563 1171 605; baseline -0.004 -7"><span class='ocrx_word' id='word_1_61' title='bbox 140 577 152 599; x_wconf 92' lang='lat'>1</span> <span class='ocrx_word' id='word_1_62' title='bbox 231 566 462 597; x_wconf 78' lang='lat' dir='ltr'>Plutarchus</span> <span class='ocrx_word' id='word_1_63' title='bbox 486 567 519 597; x_wconf 88' lang='lat' dir='ltr'><strong>in</strong></span> <span class='ocrx_word' id='word_1_64' title='bbox 542 566 740 605; x_wconf 82' lang='lat' dir='ltr'><strong>librorum,</strong></span> <span class='ocrx_word' id='word_1_65' title='bbox 764 576 844 605; x_wconf 87' lang='lat' dir='ltr'><strong>quos</strong></span> <span class='ocrx_word' id='word_1_66' title='bbox 868 563 955 605; x_wconf 75' lang='grc' dir='ltr'><strong>περὶ</strong></span> <span class='ocrx_word' id='word_1_67' title='bbox 979 569 1101 605; x_wconf 80' lang='grc' dir='ltr'><strong><em>ψυχῆς</em></strong></span> <span class='ocrx_word' id='word_1_68' title='bbox 1126 564 1171 594; x_wconf 81' lang='grc'>111-</span> 
     </span>
     <span class='ocr_line' id='line_1_11' title="bbox 165 607 1211 652; baseline -0.003 -11"><span class='ocrx_word' id='word_1_69' title='bbox 165 611 305 652; x_wconf 77' lang='lat' dir='ltr'><strong>ser-ipsit,</strong></span> <span class='ocrx_word' id='word_1_70' title='bbox 338 611 458 651; x_wconf 87' lang='lat' dir='ltr'><strong>primo</strong></span> <span class='ocrx_word' id='word_1_71' title='bbox 492 610 584 649; x_wconf 81' lang='lat' dir='ltr'><strong>(VH</strong></span> <span class='ocrx_word' id='word_1_72' title='bbox 598 621 630 649; x_wconf 77' lang='lat' dir='ltr'><strong>p.</strong></span> <span class='ocrx_word' id='word_1_73' title='bbox 654 612 697 641; x_wconf 72' lang='lat'><strong>20</strong></span> <span class='ocrx_word' id='word_1_74' title='bbox 721 609 843 649; x_wconf 67' lang='lat' dir='ltr'><strong>Rem),</strong></span> <span class='ocrx_word' id='word_1_75' title='bbox 876 619 946 639; x_wconf 88' lang='lat' dir='ltr'><strong>cum</strong></span> <span class='ocrx_word' id='word_1_76' title='bbox 980 609 1017 639; x_wconf 88' lang='lat' dir='ltr'><strong>de</strong></span> <span class='ocrx_word' id='word_1_77' title='bbox 1051 607 1170 639; x_wconf 87' lang='lat' dir='ltr'><strong>morbis</strong></span> <span class='ocrx_word' id='word_1_78' title='bbox 1186 623 1211 641; x_wconf 84' lang='lat'><strong>10</strong></span> 
     </span>
     <span class='ocr_line' id='line_1_12' title="bbox 165 652 1170 693; baseline -0.004 -7"><span class='ocrx_word' id='word_1_79' title='bbox 165 655 332 686; x_wconf 79' lang='lat' dir='ltr'><strong>dissereret</strong></span> <span class='ocrx_word' id='word_1_80' title='bbox 364 656 397 686; x_wconf 89' lang='lat' dir='ltr'><strong>in</strong></span> <span class='ocrx_word' id='word_1_81' title='bbox 427 655 550 685; x_wconf 89' lang='lat' dir='ltr'><strong>animos</strong></span> <span class='ocrx_word' id='word_1_82' title='bbox 579 654 745 685; x_wconf 82' lang='lat' dir='ltr'><strong>hominum</strong></span> <span class='ocrx_word' id='word_1_83' title='bbox 773 653 999 693; x_wconf 73' lang='lat' dir='ltr'><strong>incidentibus,</strong></span> <span class='ocrx_word' id='word_1_84' title='bbox 1031 652 1170 693; x_wconf 79' lang='lat' dir='ltr'><strong>virgines</strong></span> 
     </span>
     <span class='ocr_line' id='line_1_13' title="bbox 165 696 1170 738; baseline -0.004 -8"><span class='ocrx_word' id='word_1_85' title='bbox 165 699 245 730; x_wconf 79' lang='lat' dir='ltr'><strong>dixit</strong></span> <span class='ocrx_word' id='word_1_86' title='bbox 278 699 396 730; x_wconf 85' lang='lat' dir='ltr'><strong>Milesii</strong></span> <span class='ocrx_word' id='word_1_87' title='bbox 428 699 567 729; x_wconf 83' lang='lat' dir='ltr'><strong>nominis</strong></span> <span class='ocrx_word' id='word_1_88' title='bbox 600 698 664 729; x_wconf 82' lang='lat' dir='ltr'><strong>sere</strong></span> <span class='ocrx_word' id='word_1_89' title='bbox 699 700 778 738; x_wconf 85' lang='lat' dir='ltr'><strong>quot</strong></span> <span class='ocrx_word' id='word_1_90' title='bbox 809 699 877 728; x_wconf 82' lang='lat' dir='ltr'><strong>tun]</strong></span> <span class='ocrx_word' id='word_1_91' title='bbox 909 697 942 727; x_wconf 91' lang='lat' dir='ltr'><strong>in</strong></span> <span class='ocrx_word' id='word_1_92' title='bbox 975 708 1011 728; x_wconf 88' lang='lat' dir='ltr'><strong>ea</strong></span> <span class='ocrx_word' id='word_1_93' title='bbox 1043 696 1170 727; x_wconf 82' lang='lat' dir='ltr'><strong>civitate</strong></span> 
     </span>
     <span class='ocr_line' id='line_1_14' title="bbox 164 740 1170 784; baseline -0.003 -10"><span class='ocrx_word' id='word_1_94' title='bbox 164 746 266 783; x_wconf 84' lang='lat' dir='ltr'><strong>erant,</strong></span> <span class='ocrx_word' id='word_1_95' title='bbox 303 745 432 784; x_wconf 87' lang='lat' dir='ltr'><strong>repente</strong></span> <span class='ocrx_word' id='word_1_96' title='bbox 471 743 537 774; x_wconf 89' lang='lat' dir='ltr'><strong>sine</strong></span> <span class='ocrx_word' id='word_1_97' title='bbox 575 743 640 773; x_wconf 88' lang='lat' dir='ltr'><strong>ulla</strong></span> <span class='ocrx_word' id='word_1_98' title='bbox 677 742 814 773; x_wconf 82' lang='lat' dir='ltr'><strong>evidenti</strong></span> <span class='ocrx_word' id='word_1_99' title='bbox 847 752 941 773; x_wconf 82' lang='lat' dir='ltr'><strong>causa</strong></span> <span class='ocrx_word' id='word_1_100' title='bbox 973 740 1170 772; x_wconf 80' lang='lat' dir='ltr'><strong>voluntatem</strong></span> 
     </span>
     <span class='ocr_line' id='line_1_15' title="bbox 166 785 1170 829; baseline -0.004 -10"><span class='ocrx_word' id='word_1_101' title='bbox 166 789 286 829; x_wconf 78' lang='lat' dir='ltr'><strong>cepisse</strong></span> <span class='ocrx_word' id='word_1_102' title='bbox 324 788 486 819; x_wconf 79' lang='lat' dir='ltr'><strong>obeundae</strong></span> <span class='ocrx_word' id='word_1_103' title='bbox 524 787 636 818; x_wconf 84' lang='lat' dir='ltr'><strong>mortis</strong></span> <span class='ocrx_word' id='word_1_104' title='bbox 674 798 710 818; x_wconf 85' lang='lat' dir='ltr'><strong>ac</strong></span> <span class='ocrx_word' id='word_1_105' title='bbox 743 785 854 817; x_wconf 86' lang='lat' dir='ltr'><strong>deinde</strong></span> <span class='ocrx_word' id='word_1_106' title='bbox 886 785 1039 826; x_wconf 85' lang='lat' dir='ltr'><strong>plurimas</strong></span> <span class='ocrx_word' id='word_1_107' title='bbox 1073 785 1170 815; x_wconf 90' lang='lat' dir='ltr'><strong>vitam</strong></span> 
     </span>
    </p>

    <p class='ocr_par' dir='ltr' id='par_1_8' title="bbox 138 829 1211 1138">
     <span class='ocr_line' id='line_1_16' title="bbox 138 829 1210 873; baseline -0.004 -10"><span class='ocrx_word' id='word_1_108' title='bbox 138 832 335 873; x_wconf 83' lang='lat' dir='ltr'><strong>2suspendio</strong></span> <span class='ocrx_word' id='word_1_109' title='bbox 360 832 511 862; x_wconf 86' lang='lat' dir='ltr'><strong>amisisse.</strong></span> <span class='ocrx_word' id='word_1_110' title='bbox 554 831 591 861; x_wconf 81' lang='lat' dir='ltr'><strong>Id</strong></span> <span class='ocrx_word' id='word_1_111' title='bbox 615 842 686 862; x_wconf 84' lang='lat' dir='ltr'><strong>cum</strong></span> <span class='ocrx_word' id='word_1_112' title='bbox 711 831 865 862; x_wconf 84' lang='lat' dir='ltr'><strong>accideret</strong></span> <span class='ocrx_word' id='word_1_113' title='bbox 890 830 921 860; x_wconf 92' lang='lat' dir='ltr'><strong>in</strong></span> <span class='ocrx_word' id='word_1_114' title='bbox 946 829 1011 860; x_wconf 90' lang='lat' dir='ltr'><strong>dies</strong></span> <span class='ocrx_word' id='word_1_115' title='bbox 1032 829 1170 860; x_wconf 83' lang='lat' dir='ltr'><strong>crebrius</strong></span> <span class='ocrx_word' id='word_1_116' title='bbox 1186 843 1210 863; x_wconf 86' lang='lat'><strong>15</strong></span> 
     </span>
     <span class='ocr_line' id='line_1_17' title="bbox 163 873 1171 917; baseline -0.004 -10"><span class='ocrx_word' id='word_1_117' title='bbox 163 887 266 917; x_wconf 87' lang='lat' dir='ltr'><strong>neque</strong></span> <span class='ocrx_word' id='word_1_118' title='bbox 304 876 417 907; x_wconf 87' lang='lat' dir='ltr'><strong>animis</strong></span> <span class='ocrx_word' id='word_1_119' title='bbox 455 887 561 907; x_wconf 87' lang='lat' dir='ltr'><strong>earum</strong></span> <span class='ocrx_word' id='word_1_120' title='bbox 601 875 681 906; x_wconf 86' lang='lat' dir='ltr'><strong>mori</strong></span> <span class='ocrx_word' id='word_1_121' title='bbox 714 874 982 915; x_wconf 82' lang='lat' dir='ltr'><strong>perseverantium</strong></span> <span class='ocrx_word' id='word_1_122' title='bbox 1016 873 1171 904; x_wconf 83' lang='lat' dir='ltr'><strong>medicina</strong></span> 
     </span>
     <span class='ocr_line' id='line_1_18' title="bbox 164 918 1171 961; baseline -0.004 -10"><span class='ocrx_word' id='word_1_123' title='bbox 164 921 307 952; x_wconf 81' lang='lat' dir='ltr'><strong>adhiberi</strong></span> <span class='ocrx_word' id='word_1_124' title='bbox 332 921 449 961; x_wconf 76' lang='lat' dir='ltr'><strong>quiret,</strong></span> <span class='ocrx_word' id='word_1_125' title='bbox 478 919 653 951; x_wconf 82' lang='lat' dir='ltr'><strong>decrevisse</strong></span> <span class='ocrx_word' id='word_1_126' title='bbox 677 919 832 956; x_wconf 88' lang='lat' dir='ltr'><strong>Milesios,</strong></span> <span class='ocrx_word' id='word_1_127' title='bbox 856 920 891 949; x_wconf 90' lang='lat' dir='ltr'><strong>ut</strong></span> <span class='ocrx_word' id='word_1_128' title='bbox 914 918 1067 959; x_wconf 80' lang='lat' dir='ltr'><strong>virgines,</strong></span> <span class='ocrx_word' id='word_1_129' title='bbox 1091 928 1171 957; x_wconf 85' lang='lat' dir='ltr'><strong>quae</strong></span> 
     </span>
     <span class='ocr_line' id='line_1_19' title="bbox 165 962 1170 1005; baseline -0.003 -10"><span class='ocrx_word' id='word_1_130' title='bbox 165 965 352 1005; x_wconf 83' lang='lat' dir='ltr'><strong>corporibus</strong></span> <span class='ocrx_word' id='word_1_131' title='bbox 382 964 543 1005; x_wconf 85' lang='lat' dir='ltr'><strong>suspensis</strong></span> <span class='ocrx_word' id='word_1_132' title='bbox 568 964 750 994; x_wconf 81' lang='lat' dir='ltr'><strong>demortuae</strong></span> <span class='ocrx_word' id='word_1_133' title='bbox 774 963 892 1003; x_wconf 83' lang='lat' dir='ltr'><strong>forent,</strong></span> <span class='ocrx_word' id='word_1_134' title='bbox 920 964 956 993; x_wconf 87' lang='lat' dir='ltr'><strong>ut</strong></span> <span class='ocrx_word' id='word_1_135' title='bbox 979 962 1038 992; x_wconf 86' lang='lat' dir='ltr'><strong>hae</strong></span> <span class='ocrx_word' id='word_1_136' title='bbox 1063 972 1170 992; x_wconf 87' lang='lat' dir='ltr'><strong>omnes</strong></span> 
     </span>
     <span class='ocr_line' id='line_1_20' title="bbox 164 1006 1170 1048; baseline -0.005 -8"><span class='ocrx_word' id='word_1_137' title='bbox 164 1009 266 1040; x_wconf 86' lang='lat' dir='ltr'><strong>nudae</strong></span> <span class='ocrx_word' id='word_1_138' title='bbox 287 1020 359 1040; x_wconf 88' lang='lat' dir='ltr'><strong>cum</strong></span> <span class='ocrx_word' id='word_1_139' title='bbox 379 1009 489 1039; x_wconf 85' lang='lat' dir='ltr'><strong>eodem</strong></span> <span class='ocrx_word' id='word_1_140' title='bbox 508 1009 633 1048; x_wconf 83' lang='lat' dir='ltr'><strong>laqueo,</strong></span> <span class='ocrx_word' id='word_1_141' title='bbox 653 1018 715 1048; x_wconf 87' lang='lat' dir='ltr'><strong>quo</strong></span> <span class='ocrx_word' id='word_1_142' title='bbox 735 1009 839 1038; x_wconf 89' lang='lat' dir='ltr'><strong>essent</strong></span> <span class='ocrx_word' id='word_1_143' title='bbox 855 1006 1064 1047; x_wconf 76' lang='lat' dir='ltr'><strong>praevinctae,</strong></span> <span class='ocrx_word' id='word_1_144' title='bbox 1084 1006 1170 1036; x_wconf 85' lang='lat' dir='ltr'><strong>effer-</strong></span> 
     </span>
     <span class='ocr_line' id='line_1_21' title="bbox 164 1051 1211 1093; baseline -0.005 -9"><span class='ocrx_word' id='word_1_145' title='bbox 164 1055 280 1084; x_wconf 84' lang='lat' dir='ltr'><strong>rentur.</strong></span> <span class='ocrx_word' id='word_1_146' title='bbox 319 1053 396 1084; x_wconf 82' lang='lat' dir='ltr'><strong>Post</strong></span> <span class='ocrx_word' id='word_1_147' title='bbox 417 1054 447 1083; x_wconf 93' lang='lat' dir='ltr'><strong>id</strong></span> <span class='ocrx_word' id='word_1_148' title='bbox 468 1053 628 1084; x_wconf 85' lang='lat' dir='ltr'><strong>decretum</strong></span> <span class='ocrx_word' id='word_1_149' title='bbox 647 1052 785 1093; x_wconf 80' lang='lat' dir='ltr'><strong>virgines</strong></span> <span class='ocrx_word' id='word_1_150' title='bbox 805 1051 1017 1082; x_wconf 80' lang='lat' dir='ltr'><strong>voluntariam</strong></span> <span class='ocrx_word' id='word_1_151' title='bbox 1035 1052 1170 1081; x_wconf 84' lang='lat' dir='ltr'><strong>mortem</strong></span> <span class='ocrx_word' id='word_1_152' title='bbox 1186 1064 1211 1083; x_wconf 81' lang='lat'><strong>20</strong></span> 
     </span>
     <span class='ocr_line' id='line_1_22' title="bbox 164 1094 1170 1138; baseline -0.004 -10"><span class='ocrx_word' id='word_1_153' title='bbox 164 1109 228 1128; x_wconf 90' lang='grc'>11011</span> <span class='ocrx_word' id='word_1_154' title='bbox 248 1098 364 1138; x_wconf 89' lang='lat' dir='ltr'><strong>petisse</strong></span> <span class='ocrx_word' id='word_1_155' title='bbox 385 1098 504 1138; x_wconf 90' lang='lat' dir='ltr'><strong>pudore</strong></span> <span class='ocrx_word' id='word_1_156' title='bbox 522 1098 589 1128; x_wconf 89' lang='lat' dir='ltr'><strong>solo</strong></span> <span class='ocrx_word' id='word_1_157' title='bbox 606 1096 770 1127; x_wconf 88' lang='lat' dir='ltr'><strong>deterritas</strong></span> <span class='ocrx_word' id='word_1_158' title='bbox 786 1098 850 1126; x_wconf 79' lang='lat' dir='ltr'><strong>tani</strong></span> <span class='ocrx_word' id='word_1_159' title='bbox 866 1095 1027 1126; x_wconf 83' lang='lat' dir='ltr'><strong>inhonesti</strong></span> <span class='ocrx_word' id='word_1_160' title='bbox 1042 1094 1170 1125; x_wconf 83' lang='lat' dir='ltr'><strong>funeris.</strong></span> 
     </span>
    </p>
   </div>
   <div class='ocr_carea' id='block_1_8' title="bbox 644 1183 690 1215">
    <p class='ocr_par' dir='ltr' id='par_1_9' title="bbox 644 1183 690 1215">
     <span class='ocr_line' id='line_1_23' title="bbox 644 1183 690 1215; baseline 0 0"><span class='ocrx_word' id='word_1_161' title='bbox 644 1183 690 1215; x_wconf 86' lang='lat' dir='ltr'><strong>XI</strong></span> 
     </span>
    </p>
   </div>
   <div class='ocr_carea' id='block_1_9' title="bbox 164 1242 1210 1386">
    <p class='ocr_par' dir='ltr' id='par_1_10' title="bbox 164 1242 1210 1386">
     <span class='ocr_line' id='line_1_24' title="bbox 164 1242 1170 1279; baseline -0.005 -7"><span class='ocrx_word' id='word_1_162' title='bbox 164 1246 256 1272; x_wconf 88' lang='lat' dir='ltr'><strong>Verba</strong></span> <span class='ocrx_word' id='word_1_163' title='bbox 285 1245 519 1272; x_wconf 81' lang='lat' dir='ltr'><strong>senatusconsulti</strong></span> <span class='ocrx_word' id='word_1_164' title='bbox 548 1245 582 1271; x_wconf 89' lang='lat' dir='ltr'><strong>de</strong></span> <span class='ocrx_word' id='word_1_165' title='bbox 611 1244 754 1279; x_wconf 78' lang='lat' dir='ltr'><strong>exigendis</strong></span> <span class='ocrx_word' id='word_1_166' title='bbox 781 1244 848 1269; x_wconf 84' lang='lat' dir='ltr'><strong>urbe</strong></span> <span class='ocrx_word' id='word_1_167' title='bbox 872 1244 960 1268; x_wconf 86' lang='lat' dir='ltr'><strong>Roma</strong></span> <span class='ocrx_word' id='word_1_168' title='bbox 984 1242 1170 1276; x_wconf 79' lang='lat' dir='ltr'><strong>philosophis;</strong></span> 
     </span>
     <span class='ocr_line' id='line_1_25' title="bbox 200 1278 1170 1313; baseline -0.004 -6"><span class='ocrx_word' id='word_1_169' title='bbox 200 1282 267 1307; x_wconf 83' lang='lat' dir='ltr'><strong>item</strong></span> <span class='ocrx_word' id='word_1_170' title='bbox 291 1282 374 1307; x_wconf 87' lang='lat' dir='ltr'><strong>verba</strong></span> <span class='ocrx_word' id='word_1_171' title='bbox 399 1281 483 1307; x_wconf 84' lang='lat' dir='ltr'><strong>edicti</strong></span> <span class='ocrx_word' id='word_1_172' title='bbox 504 1289 660 1313; x_wconf 71' lang='lat' dir='ltr'><strong>censorum,</strong></span> <span class='ocrx_word' id='word_1_173' title='bbox 685 1288 738 1313; x_wconf 88' lang='lat' dir='ltr'><strong>quo</strong></span> <span class='ocrx_word' id='word_1_174' title='bbox 757 1279 899 1313; x_wconf 78' lang='lat' dir='ltr'><strong>inprobati</strong></span> <span class='ocrx_word' id='word_1_175' title='bbox 919 1280 947 1304; x_wconf 88' lang='lat' dir='ltr'><strong>et</strong></span> <span class='ocrx_word' id='word_1_176' title='bbox 967 1278 1079 1303; x_wconf 77' lang='lat' dir='ltr'><strong>coerciti</strong></span> <span class='ocrx_word' id='word_1_177' title='bbox 1099 1279 1170 1309; x_wconf 84' lang='lat' dir='ltr'><strong>sunt,</strong></span> 
     </span>
     <span class='ocr_line' id='line_1_26' title="bbox 200 1313 1210 1350; baseline -0.002 -8"><span class='ocrx_word' id='word_1_178' title='bbox 200 1317 248 1350; x_wconf 88' lang='lat' dir='ltr'><strong>qui</strong></span> <span class='ocrx_word' id='word_1_179' title='bbox 282 1316 459 1350; x_wconf 84' lang='lat' dir='ltr'><strong>disciplinam</strong></span> <span class='ocrx_word' id='word_1_180' title='bbox 489 1316 655 1342; x_wconf 81' lang='lat' dir='ltr'><strong>rhetoricam</strong></span> <span class='ocrx_word' id='word_1_181' title='bbox 683 1315 827 1341; x_wconf 83' lang='lat' dir='ltr'><strong>instituere</strong></span> <span class='ocrx_word' id='word_1_182' title='bbox 856 1316 884 1340; x_wconf 86' lang='lat' dir='ltr'><strong>et</strong></span> <span class='ocrx_word' id='word_1_183' title='bbox 912 1321 1038 1340; x_wconf 82' lang='lat' dir='ltr'><strong>exercere</strong></span> <span class='ocrx_word' id='word_1_184' title='bbox 1066 1313 1170 1339; x_wconf 81' lang='lat' dir='ltr'><strong>Romae</strong></span> <span class='ocrx_word' id='word_1_185' title='bbox 1186 1322 1210 1341; x_wconf 77' lang='lat'><strong>25</strong></span> 
     </span>
     <span class='ocr_line' id='line_1_27' title="bbox 201 1353 355 1386; baseline -0.006 -8"><span class='ocrx_word' id='word_1_186' title='bbox 201 1353 355 1386; x_wconf 25' lang='lat' dir='ltr'><strong>coeperant*</strong></span> 
     </span>
    </p>
   </div>
   <div class='ocr_carea' id='block_1_10' title="bbox 140 1412 1170 1500">
    <p class='ocr_par' dir='ltr' id='par_1_11' title="bbox 140 1412 1170 1500">
     <span class='ocr_line' id='line_1_28' title="bbox 140 1412 1169 1449; baseline -0.006 -1"><span class='ocrx_word' id='word_1_187' title='bbox 140 1427 152 1449; x_wconf 93' lang='lat'>1</span> <span class='ocrx_word' id='word_1_188' title='bbox 233 1415 264 1446; x_wconf 86' lang='lat' dir='ltr'><strong>C.</strong></span> <span class='ocrx_word' id='word_1_189' title='bbox 302 1415 423 1446; x_wconf 82' lang='lat' dir='ltr'><strong>Fannio</strong></span> <span class='ocrx_word' id='word_1_190' title='bbox 467 1414 623 1446; x_wconf 81' lang='lat' dir='ltr'><strong>Strabone</strong></span> <span class='ocrx_word' id='word_1_191' title='bbox 664 1414 706 1445; x_wconf 93' lang='lat' dir='ltr'><strong>M.</strong></span> <span class='ocrx_word' id='word_1_192' title='bbox 743 1412 872 1444; x_wconf 83' lang='lat' dir='ltr'><strong>Valerio</strong></span> <span class='ocrx_word' id='word_1_193' title='bbox 914 1412 1050 1443; x_wconf 83' lang='lat' dir='ltr'><strong>Messala</strong></span> <span class='ocrx_word' id='word_1_194' title='bbox 1092 1423 1169 1443; x_wconf 89' lang='lat' dir='ltr'><strong>coss.</strong></span> 
     </span>
     <span class='ocr_line' id='line_1_29' title="bbox 166 1456 1170 1500; baseline -0.003 -10"><span class='ocrx_word' id='word_1_195' title='bbox 166 1461 475 1491; x_wconf 77' lang='lat' dir='ltr'><strong>senatusconsultum</strong></span> <span class='ocrx_word' id='word_1_196' title='bbox 506 1459 543 1490; x_wconf 88' lang='lat' dir='ltr'><strong>de</strong></span> <span class='ocrx_word' id='word_1_197' title='bbox 568 1458 767 1500; x_wconf 88' lang='lat' dir='ltr'><strong>philosophis</strong></span> <span class='ocrx_word' id='word_1_198' title='bbox 792 1459 823 1488; x_wconf 89' lang='lat' dir='ltr'><strong>et</strong></span> <span class='ocrx_word' id='word_1_199' title='bbox 847 1457 884 1488; x_wconf 84' lang='lat' dir='ltr'><strong>(le</strong></span> <span class='ocrx_word' id='word_1_200' title='bbox 907 1457 1089 1488; x_wconf 87' lang='lat' dir='ltr'><strong>rhetoribus</strong></span> <span class='ocrx_word' id='word_1_201' title='bbox 1114 1456 1170 1487; x_wconf 88' lang='lat' dir='ltr'><strong>La-</strong></span> 
     </span>
    </p>
   </div>
   <div class='ocr_carea' id='block_1_11' title="bbox 206 1528 302 1529">
    <p class='ocr_par' dir='ltr' id='par_1_12' title="bbox 206 1528 302 1529">
     <span class='ocr_line' id='line_1_30' title="bbox 206 1528 302 1529; baseline 0 0"><span class='ocrx_word' id='word_1_202' title='bbox 206 1528 302 1529; x_wconf 95' lang='lat' dir='ltr'><strong> </strong></span> 
     </span>
    </p>
   </div>
   <div class='ocr_carea' id='block_1_12' title="bbox 237 1560 1168 1597">
    <p class='ocr_par' dir='ltr' id='par_1_13' title="bbox 237 1560 1168 1597">
     <span class='ocr_line' id='line_1_31' title="bbox 237 1560 1168 1597; baseline -0.003 -8"><span class='ocrx_word' id='word_1_203' title='bbox 237 1567 251 1589; x_wconf 84' lang='lat'>9</span> <span class='ocrx_word' id='word_1_204' title='bbox 261 1573 319 1597; x_wconf 87' lang='lat' dir='ltr'><strong>sqq.</strong></span> <span class='ocrx_word' id='word_1_205' title='bbox 336 1564 406 1590; x_wconf 82' lang='lat' dir='ltr'><strong>Plut.</strong></span> <span class='ocrx_word' id='word_1_206' title='bbox 418 1564 524 1589; x_wconf 85' lang='lat' dir='ltr'><strong>mulier.</strong></span> <span class='ocrx_word' id='word_1_207' title='bbox 536 1564 597 1589; x_wconf 81' lang='lat' dir='ltr'><strong>virt.</strong></span> <span class='ocrx_word' id='word_1_208' title='bbox 608 1573 634 1596; x_wconf 88' lang='lat' dir='ltr'><strong>p.</strong></span> <span class='ocrx_word' id='word_1_209' title='bbox 647 1566 696 1589; x_wconf 65' lang='lat'><strong>⁵249</strong></span> <span class='ocrx_word' id='word_1_210' title='bbox 705 1563 726 1588; x_wconf 94' lang='lat' dir='ltr'>B</span> <span class='ocrx_word' id='word_1_211' title='bbox 800 1565 832 1587; x_wconf 72' lang='lat'><strong>27</strong></span> <span class='ocrx_word' id='word_1_212' title='bbox 848 1562 922 1587; x_wconf 79' lang='lat' dir='ltr'><strong>Suet.</strong></span> <span class='ocrx_word' id='word_1_213' title='bbox 933 1561 1001 1587; x_wconf 79' lang='lat' dir='ltr'><strong>rhet</strong></span> <span class='ocrx_word' id='word_1_214' title='bbox 1017 1564 1028 1586; x_wconf 92' lang='lat'>1</span> <span class='ocrx_word' id='word_1_215' title='bbox 1041 1570 1066 1594; x_wconf 88' lang='lat' dir='ltr'><strong>p.</strong></span> <span class='ocrx_word' id='word_1_216' title='bbox 1081 1564 1129 1586; x_wconf 81' lang='grc'><strong>119</strong></span> <span class='ocrx_word' id='word_1_217' title='bbox 1139 1560 1168 1586; x_wconf 81' lang='lat' dir='ltr'><strong>R.</strong></span> 
     </span>
    </p>
   </div>
   <div class='ocr_carea' id='block_1_13' title="bbox 166 1624 339 1626">
    <p class='ocr_par' dir='ltr' id='par_1_14' title="bbox 166 1624 339 1626">
     <span class='ocr_line' id='line_1_32' title="bbox 166 1624 339 1626; baseline 0 0"><span class='ocrx_word' id='word_1_218' title='bbox 166 1624 339 1626; x_wconf 95' lang='lat' dir='ltr'><strong> </strong></span> 
     </span>
    </p>
   </div>
   <div class='ocr_carea' id='block_1_14' title="bbox 167 1658 1171 1767">
    <p class='ocr_par' dir='ltr' id='par_1_15' title="bbox 167 1658 1171 1767">
     <span class='ocr_line' id='line_1_33' title="bbox 238 1658 1171 1695; baseline -0.005 -8"><span class='ocrx_word' id='word_1_219' title='bbox 238 1665 267 1688; x_wconf 91' lang='lat'><strong>11</strong></span> <span class='ocrx_word' id='word_1_220' title='bbox 289 1662 426 1695; x_wconf 79' lang='lat' dir='ltr'><strong>uirginem</strong></span> <span class='ocrx_word' id='word_1_221' title='bbox 446 1662 468 1687; x_wconf 73' lang='lat' dir='ltr'><strong>d</strong></span> <span class='ocrx_word' id='word_1_222' title='bbox 491 1661 629 1695; x_wconf 84' lang='lat' dir='ltr'><strong>virginum</strong></span> <span class='ocrx_word' id='word_1_223' title='bbox 649 1661 734 1686; x_wconf 58' lang='lat' dir='ltr'><strong>Hertz,⁴</strong></span> <span class='ocrx_word' id='word_1_224' title='bbox 748 1661 756 1693; x_wconf 92' lang='grc' dir='ltr'><strong>ΙΙ</strong></span> <span class='ocrx_word' id='word_1_225' title='bbox 773 1662 803 1685; x_wconf 81' lang='grc'><strong>17</strong></span> <span class='ocrx_word' id='word_1_226' title='bbox 824 1659 955 1691; x_wconf 85' lang='lat' dir='ltr'><strong>quisisset</strong></span> <span class='ocrx_word' id='word_1_227' title='bbox 971 1661 990 1686; x_wconf 71' lang='lat' dir='ltr'>Q</span> <span class='ocrx_word' id='word_1_228' title='bbox 1010 1658 1054 1683; x_wconf 87' lang='lat' dir='ltr'><strong>cui</strong></span> <span class='ocrx_word' id='word_1_229' title='bbox 1073 1666 1115 1683; x_wconf 85' lang='lat' dir='ltr'><strong>res</strong></span> <span class='ocrx_word' id='word_1_230' title='bbox 1131 1660 1148 1682; x_wconf 89' lang='lat' dir='ltr'>Z</span> <span class='ocrx_word' id='word_1_231' title='bbox 1162 1658 1171 1692; x_wconf 78' lang='grc' dir='ltr'><strong>ΙΙ</strong></span> 
     </span>
     <span class='ocr_line' id='line_1_34' title="bbox 167 1693 1170 1732; baseline -0.005 -9"><span class='ocrx_word' id='word_1_232' title='bbox 167 1701 198 1724; x_wconf 84' lang='grc'><strong>19</strong></span> <span class='ocrx_word' id='word_1_233' title='bbox 215 1698 280 1732; x_wconf 90' lang='lat' dir='ltr'><strong>quo]</strong></span> <span class='ocrx_word' id='word_1_234' title='bbox 296 1701 315 1722; x_wconf 84' lang='grc' dir='ltr'><strong>Τ</strong></span> <span class='ocrx_word' id='word_1_235' title='bbox 330 1706 378 1723; x_wconf 82' lang='lat' dir='ltr'><strong>om.</strong></span> <span class='ocrx_word' id='word_1_236' title='bbox 394 1699 414 1725; x_wconf 74' lang='lat' dir='ltr'>Q</span> <span class='ocrx_word' id='word_1_237' title='bbox 429 1697 475 1730; x_wconf 90' lang='lat' dir='ltr'><strong>qui</strong></span> <span class='ocrx_word' id='word_1_238' title='bbox 492 1707 512 1721; x_wconf 91' lang='grc' dir='ltr'><em>ω</em></span> <span class='ocrx_word' id='word_1_239' title='bbox 527 1705 564 1722; x_wconf 72' lang='grc' dir='ltr'><strong>(ιη</strong></span> <span class='ocrx_word' id='word_1_240' title='bbox 578 1696 664 1722; x_wconf 72' lang='lat' dir='ltr'><strong>recte?</strong></span> <span class='ocrx_word' id='word_1_241' title='bbox 681 1698 684 1728; x_wconf 76' lang='grc'><strong>1</strong></span> <span class='ocrx_word' id='word_1_242' title='bbox 701 1695 877 1728; x_wconf 79' lang='lat' dir='ltr'><strong>praecinctae</strong></span> <span class='ocrx_word' id='word_1_243' title='bbox 893 1701 934 1720; x_wconf 68' lang='lat' dir='ltr'><strong>tae</strong></span> <span class='ocrx_word' id='word_1_244' title='bbox 945 1702 977 1720; x_wconf 63' lang='lat' dir='ltr'><strong>ea·</strong></span> <span class='ocrx_word' id='word_1_245' title='bbox 987 1695 1012 1727; x_wconf 90' lang='grc' dir='ltr'><strong>ο)</strong></span> <span class='ocrx_word' id='word_1_246' title='bbox 1024 1696 1044 1721; x_wconf 77' lang='lat' dir='ltr'>Q</span> <span class='ocrx_word' id='word_1_247' title='bbox 1058 1695 1066 1726; x_wconf 90' lang='grc' dir='ltr'><strong>ΙΙ</strong></span> <span class='ocrx_word' id='word_1_248' title='bbox 1082 1696 1115 1719; x_wconf 78' lang='lat'><strong>24</strong></span> <span class='ocrx_word' id='word_1_249' title='bbox 1130 1693 1170 1718; x_wconf 88' lang='lat' dir='ltr'><strong>in-</strong></span> 
     </span>
     <span class='ocr_line' id='line_1_35' title="bbox 168 1729 1134 1767; baseline -0.005 -8"><span class='ocrx_word' id='word_1_250' title='bbox 168 1734 321 1767; x_wconf 82' lang='lat' dir='ltr'><strong>probantur</strong></span> <span class='ocrx_word' id='word_1_251' title='bbox 337 1734 389 1766; x_wconf 85' lang='grc' dir='ltr'><strong>ΠΗ</strong></span> <span class='ocrx_word' id='word_1_252' title='bbox 405 1736 437 1758; x_wconf 72' lang='lat'><strong>25</strong></span> <span class='ocrx_word' id='word_1_253' title='bbox 458 1733 486 1758; x_wconf 88' lang='lat' dir='ltr'><strong>et</strong></span> <span class='ocrx_word' id='word_1_254' title='bbox 500 1740 550 1758; x_wconf 84' lang='lat' dir='ltr'><strong>om.</strong></span> <span class='ocrx_word' id='word_1_255' title='bbox 567 1734 586 1759; x_wconf 78' lang='lat' dir='ltr'>Q</span> <span class='ocrx_word' id='word_1_256' title='bbox 600 1733 608 1764; x_wconf 72' lang='lat' dir='ltr'><strong>l!</strong></span> <span class='ocrx_word' id='word_1_257' title='bbox 624 1734 656 1756; x_wconf 74' lang='lat'><strong>28</strong></span> <span class='ocrx_word' id='word_1_258' title='bbox 672 1731 778 1756; x_wconf 82' lang='lat' dir='ltr'><strong>Latinis</strong></span> <span class='ocrx_word' id='word_1_259' title='bbox 793 1731 842 1756; x_wconf 80' lang='lat' dir='ltr'><strong>del.</strong></span> <span class='ocrx_word' id='word_1_260' title='bbox 859 1730 975 1763; x_wconf 76' lang='lat' dir='ltr'><strong>Piyhius</strong></span> <span class='ocrx_word' id='word_1_261' title='bbox 989 1729 1046 1755; x_wconf 77' lang='lat' dir='ltr'><strong>coll.</strong></span> <span class='ocrx_word' id='word_1_262' title='bbox 1063 1729 1134 1755; x_wconf 72' lang='lat' dir='ltr'><strong>Suet.</strong></span> 
     </span>
    </p>
   </div>
   <div class='ocr_carea' id='block_1_15' title="bbox 1222 0 1266 1902">
    <p class='ocr_par' dir='ltr' id='par_1_16' title="bbox 1222 0 1266 1902">
     <span class='ocr_line' id='line_1_36' title="bbox 1222 0 1266 1902; baseline 0 0"><span class='ocrx_word' id='word_1_263' title='bbox 1222 0 1266 1902; x_wconf 95' lang='lat' dir='ltr'><strong> </strong></span> 
     </span>
    </p>
   </div>
  </div>
 </body>
</html>
