1266 1902
117 87 159 117 24
574 86 610 111 XI
632 89 662 111 18

71 176 103 199 17
181 167 270 208 Aput
289 167 554 197 Lacedaemonios
580 177 714 207 quoque,
739 167 861 198 sobrios
885 167 957 198 iUos
982 169 1012 198 et
1033 178 1119 199 acres

79 237 82 240 .
114 212 208 251 viros,
233 212 321 242 cuius
344 212 390 242 rei
414 221 478 241 non
502 211 579 241 adeo
604 213 639 241 ut
658 210 826 252 Aegyptiis
849 211 925 242 fides
944 212 1119 253 longinqua

115 258 170 296 est,
194 266 258 286 non
282 256 374 296 pauci
396 266 498 295 neque
517 255 674 296 ignobiles
694 255 871 296 scriptores,
896 256 950 296 qui
970 256 1007 287 de
1026 257 1120 287 mori-

116 300 174 331 bus
203 300 391 341 legibusque
419 310 528 330 eorum
557 299 725 330 memorias
755 300 975 340 condiderunt,
1003 301 1051 331 ius
1075 303 1120 331 at-

116 356 176 384 que
208 355 298 374 usum
333 344 430 374 fuisse
463 343 588 374 furandi
622 344 743 384 dicunt.
780 344 874 383 idque
907 355 925 374 a
957 345 1119 375 iuventute
1148 357 1159 375 5

116 400 224 420 eorum
248 399 312 418 non
336 388 375 418 ad
398 388 504 428 turpia
527 388 615 418 lucra
633 399 736 428 neque
755 388 793 418 ad
813 390 975 428 sumptum
994 388 1119 419 libidini

117 433 330 473 praebendum
354 432 637 472 comparandamve
657 432 861 472 opulentiam,
886 433 940 463 sed
958 443 1015 473 pro
1035 444 1120 464 exer-

117 478 191 507 citio
230 477 460 516 disciplinaque
496 477 541 507 rei
578 476 710 507 bellicae
743 476 935 516 factitatum,
973 477 1058 517 quod
1091 479 1121 508 et

116 521 241 551 furandi
266 521 406 551 sollertia
430 523 461 551 et
484 521 658 551 adsuetudo
683 523 808 552 acueret
831 522 1033 561 firmaretque
1057 522 1121 552 ani-

117 576 185 596 mos
214 565 462 596 adulescentium
491 567 522 596 et
545 565 583 595 ad
607 565 792 595 insidiarum
817 567 903 595 astus
928 567 959 596 et
982 565 1021 596 ad
1044 566 1122 606 vigi-

118 610 204 640 landi
227 609 428 640 tolerantiam
454 611 484 640 et
508 609 546 639 ad
571 609 742 649 obrependi
767 609 967 640 celeritatem.

76 661 106 684 13
186 653 245 684 Sed
271 654 353 684 enim
374 653 414 683 M.
437 653 527 684 Cato
547 654 580 684 111
600 654 786 693 oratione,
810 664 904 693 quam
925 653 967 684 de
986 653 1123 694 praeda

119 698 309 728 militibus
343 698 544 728 dividenda
577 698 716 738 scripsit,
748 697 987 728 vehementibus
1019 700 1049 728 et
1078 698 1122 728 in-

119 742 272 773 lustribus
298 742 400 772 verbis
426 743 463 772 de
487 742 665 782 inpunitate
689 742 852 782 peculatus
877 744 972 782 atque
994 742 1123 773 licentia

121 787 333 826 conqueritur.
376 786 422 816 Ea
441 786 545 825 verba,
570 787 719 826 quoniam
739 786 831 816 nobis
851 787 980 826 inpense
1000 787 1123 826 placue-

120 834 199 870 rant,
227 831 451 871 adscripsimus
477 830 593 865 (LXX
612 834 630 861 1
645 830 702 865 J.):
731 830 846 861 Fures
872 831 976 871 inquit
999 831 1123 871 priva-

121 878 243 905 torum
271 875 459 905 furtorum
484 875 521 905 in
544 885 658 905 nervo
683 877 794 914 atque
818 875 855 905 in
879 875 1123 915 compedibus

121 922 281 950 aetatem
311 921 441 960 agunty
469 919 571 950 fures
600 919 746 959 publici
775 919 812 949 in
838 930 927 949 auro
952 921 1064 959 atque
1088 919 1125 949 in

122 975 295 1004 purpura.

78 1016 110 1039 19
188 1008 289 1045 Quam
323 1010 407 1038 caste
439 1010 544 1038 autem
577 1018 614 1038 ac
645 1007 792 1048 religiose
825 1019 842 1038 a
873 1007 1125 1047 prudentissimis

122 1052 206 1090 viris,
230 1052 305 1092 quid
325 1054 407 1082 esset
427 1052 580 1091 ‘furtum’,
605 1052 769 1082 definitum
790 1052 840 1087 sit,
863 1052 1125 1092 praetereundum

122 1107 187 1127 non
215 1098 307 1136 puto,
335 1107 373 1127 ne
403 1097 472 1135 quis
502 1107 573 1126 eum
597 1096 700 1126 solum
725 1107 791 1126 esse
815 1096 916 1126 furem
941 1097 1044 1135 putet,
1072 1095 1126 1135 qui

79 1149 111 1171 *20
124 1140 246 1171 occulte
275 1140 360 1171 tollit
388 1143 443 1171 aut
471 1141 551 1171 elam
578 1140 721 1180 subripit.
769 1139 874 1171 Verba
899 1142 972 1170 sunt
996 1138 1126 1169 Sabini

124 1195 161 1215 ex
193 1185 292 1215 libro
326 1185 420 1215 iuris
450 1185 576 1215 civilis
606 1184 769 1215 secundo
800 1186 850 1223 (fr.
870 1188 892 1215 :l
907 1184 948 1214 H.
968 1186 1028 1214 113
1042 1183 1125 1215 Bm:

125 1228 193 1265 Qui
223 1229 383 1259 alienam
408 1240 482 1259 rem
507 1229 751 1267 adtrectavit⁷
780 1239 859 1259 cum
884 1228 919 1258 id
944 1239 980 1258 se
1005 1228 1126 1258 invito

125 1273 275 1303 domino
304 1274 428 1304 facere
457 1273 625 1303 iudicare
654 1273 820 1311 deberet,
848 1273 942 1303 furti
969 1274 1127 1302 tenetur.

82 1326 113 1348 21
126 1316 205 1348 Item
220 1317 283 1348 alio
300 1318 402 1357 capite
417 1317 552 1356 (fr.3H
564 1320 624 1347 1111)
635 1317 718 1351 Bm:
737 1316 806 1353 Qui
821 1317 983 1347 alienum
1000 1318 1128 1346 tacens

125 1362 221 1392 lucri
242 1361 407 1392 faciendi
428 1372 538 1392 causa
558 1361 730 1400 sustulit,
745 1361 838 1391 furti
859 1361 1129 1401 obstringitur,

126 1406 204 1436 sive
229 1406 315 1445 scit7
339 1407 445 1437 ouius
470 1406 532 1445 sit,
557 1406 634 1436 sive
658 1406 787 1436 nescit.

82 1459 114 1481 ‘32
194 1449 279 1481 Haeo
309 1450 435 1489 quidem
464 1450 508 1480 sic
533 1451 564 1480 in
588 1460 638 1489 eo,
667 1460 730 1489 quo
754 1460 837 1479 nunc
862 1449 938 1487 dixi,
968 1448 1128 1479 Sabinus

198 1548 228 1570 27
249 1545 311 1578 Dig⁴
327 1545 423 1570 XLVII
439 1549 463 1578 2,
478 1548 520 1577 43,
536 1549 550 1571 4

199 1627 213 1648 2
229 1625 422 1657 aegyptiorum
432 1624 468 1649 ΧΞ
483 1626 491 1657 Η
506 1628 520 1649 6
533 1624 568 1650 ad
576 1625 666 1658 prius]
678 1624 711 1650 ob
724 1625 808 1649 on
822 1626 830 1656 Η
846 1627 859 1648 7
876 1623 1061 1655 exercitioque
1071 1623 1107 1647 X¹
1122 1624 1130 1656 Η

128 1662 142 1684 S
164 1659 202 1692 et]
218 1659 282 1683 N²X
302 1668 333 1684 ex
350 1670 369 1684 ω
390 1668 422 1685 ea
439 1661 515 1694 Mdy.
533 1660 600 1685 haec
616 1661 699 1685 Hertz
714 1661 722 1692 Η
739 1662 770 1685 10
786 1661 813 1684 et
828 1668 876 1684 om.
894 1661 913 1687 Q
931 1661 933 1691 y
951 1659 986 1684 ad
1001 1667 1049 1683 om.
1066 1660 1108 1682 ΒΖ
1126 1672 1127 1685 2

128 1694 215 1728 astus]
232 1697 249 1719 Ο
265 1694 298 1727 (Ρ)
315 1697 392 1720 actus
408 1706 427 1720 ω
442 1697 450 1727 Η
467 1698 495 1720 11
514 1696 549 1720 ad
564 1695 633 1729 obn]
650 1696 671 1720 d*
686 1695 719 1720 ob
735 1695 850 1727 rependi
861 1694 922 1719 110²
937 1694 971 1719 ob
986 1693 1130 1726 repetendi

129 1731 213 1754 OHX
237 1731 245 1762 Η
270 1734 301 1755 15
326 1730 490 1763 placuerunt
510 1733 557 1755 ΟΧ
581 1732 588 1763 Η
614 1733 645 1755 18
668 1730 779 1763 publice
799 1732 822 1754 X
848 1730 916 1755 unde
939 1729 978 1755 rei
1001 1728 1130 1762 publicae

129 1766 199 1791 Boot
213 1766 221 1798 Η
237 1768 269 1790 20
288 1765 470 1798 prudentibus
485 1768 504 1790 B
519 1768 527 1798 Η
544 1768 573 1790 27
595 1765 629 1790 al.
651 1766 717 1798 quid
737 1766 830 1790 iacens
846 1765 910 1798 Diq.
926 1766 934 1797 Η
950 1767 981 1789 30
1001 1772 1054 1797 que
1069 1766 1086 1788 Z

1138 577 1163 596 10

1139 798 1163 817 15

1141 1019 1166 1037 20

1143 1240 1167 1259 25

1144 1460 1169 1479 30
