1291 1912
508 45 571 72 XVI
592 48 623 71 10
1012 45 1074 77 175

554 153 582 185 X

62 214 134 246 Quid
161 215 217 240 sint
242 214 419 248 ‘proletarii'‚
449 215 517 247 quid
543 215 646 248 ‘capite
672 214 771 245 censi';
801 214 868 248 quid
893 215 961 240 item
985 214 1021 240 sit
1046 214 1074 240 in

98 250 146 275 XII
166 249 270 276 tabulis
291 250 462 279 ‘adsiduus';
483 252 511 276 et
530 258 601 284 quae
621 250 680 276 eius
700 250 829 276 vocabuli
849 250 920 276 ratio
941 250 984 276 sit.

132 313 240 345 Otium
271 316 338 345 erat
364 314 501 354 quodam
528 314 577 345 die
600 314 722 345 Romae
747 314 779 345 in
802 314 873 345 foro
897 325 915 344 a
938 314 1101 355 negotiisl

37 371 49 390 5
64 361 96 390 et
122 358 204 389 laeta
229 359 382 399 quaedam
409 359 574 390 celebritas
599 359 764 398 feriarum,
792 358 1019 400 legebaturque
1042 359 1076 390 in

63 413 213 434 consessu
246 403 329 434 forte
363 403 563 443 conplurium
594 402 707 434 Ennii
735 403 835 434 liber
863 414 901 434 ex
929 403 1075 434 annali-

63 448 139 479 bus.
186 446 224 478 In
252 458 289 478 eo
319 447 401 478 libro
426 459 534 478 versus
560 448 593 478 hi
617 448 746 478 fuerunt
771 449 848 487 (133
863 447 911 478 M.
932 450 992 478 136
1007 447 1075 487 B.):

108 510 341 551 proletarius
367 510 580 550 publicitus
606 510 802 550 scutisque
826 510 985 550 feroque

108 556 266 585 ornatur
288 554 404 595 ferr03
429 565 554 585 muros
580 554 785 594 urbemque
809 554 1008 594 forumque

24 611 49 631 ιο
108 599 280 630 excubiis
305 601 446 629 curant.

62 660 143 692 Tum
168 661 213 691 ibi
238 661 346 701 quaeri
371 663 519 701 coeptum
545 663 600 700 est,
625 660 701 701 quid
725 663 807 691 esset
830 661 1101 701 proletarius.2

63 705 169 746 Atque
199 715 258 747 ego
287 705 444 746 aspiciens
474 705 657 746 quempiam
686 705 718 735 in
747 715 784 736 eo
814 705 932 736 circulo
962 705 1009 735 ius
1034 705 1101 736 (zi-3

63 750 124 781 vile
149 750 327 789 callentem,
353 750 542 780 familiarem
567 760 683 789 meum,
706 749 869 791 rogabam,
893 752 929 780 ut
952 749 984 780 id
1008 760 1075 780 ver-

64 794 139 826 bum
168 794 261 825 nobis
291 797 464 834 enarraret,
493 797 537 834 et,
566 805 637 825 cum
666 793 733 824 illic
762 805 794 824 se
822 794 912 834 iuris,
942 804 1006 824 non
1031 794 1102 824 rei4

25 851 50 871 16
64 839 290 881 grammaticae
321 839 458 879 peritum
490 850 556 870 esse
584 838 812 879 respondisset,
847 839 895 869 ‘eo
925 838 1073 869 maxime'

63 884 193 924 inquam
223 883 266 914 ‘te
295 884 398 914 dicere
422 884 482 914 hoc
508 885 647 923 oportet,
676 883 816 923 quandO‚
844 885 879 914 ut
903 882 1076 924 praedicas,

64 928 184 969 peritus
218 928 295 958 iuris
328 939 369 959 es.
421 927 502 959 Nam
539 927 574 964 Q.
598 927 743 958 Ennius
777 927 908 958 verbum
942 927 1004 958 hoc
1036 935 1101 958 ex5

65 973 261 1004 duodecim
286 972 430 1003 tabulis
455 973 567 1003 vestris
588 972 719 1012 accepit,
743 972 776 1002 in
796 972 921 1012 quibus,
945 972 971 1002 si
990 974 1075 1002 recte

65 1017 277 1057 commemini,
302 1017 345 1048 ita
370 1018 523 1057 scriptum
549 1019 596 1047 est
620 1016 718 1056 (14):
742 1015 912 1047 Adsiduo
936 1016 1074 1047 vindex

27 1061 244 1093 noadsiduus
273 1064 364 1092 esto.
416 1061 631 1092 Proletario
662 1061 732 1091 iam
761 1061 850 1100 civi,
883 1061 957 1100 cui,
989 1061 1074 1101 quis

65 1106 181 1146 volet,
214 1106 351 1137 vindex
380 1108 469 1137 esto.
521 1105 663 1136 Petimus
692 1105 804 1146 igitur,
832 1116 872 1136 ne
901 1106 1101 1136 annalemss

65 1160 149 1181 nunc
168 1150 202 1187 Q.
223 1150 351 1190 Ennii,
375 1150 429 1181 sed
449 1150 647 1181 duodecim
667 1149 818 1181 tabulas
837 1149 902 1191 legi
922 1149 1075 1181 arbitrere

66 1197 109 1234 et,
138 1195 213 1235 quid
242 1195 284 1226 sit
312 1195 344 1225 in
374 1206 409 1226 ea
433 1195 503 1236 lege
528 1194 761 1235 proletarius
786 1194 893 1233 civis,
922 1194 1074 1235 interpre-

65 1239 150 1270 tere.’
194 1239 275 1281 ‘Ego
300 1240 386 1270 vero’
412 1239 517 1279 inquit
540 1240 595 1270 ille
619 1239 734 1269 ‘dicere
758 1241 852 1279 atque
872 1239 1101 1279 interpretari?

28 1295 52 1315 π
66 1283 127 1314 hoc
151 1283 306 1323 deberem,
331 1284 356 1315 si
381 1284 430 1315 ius
454 1283 637 1314 Faunorum
663 1285 694 1314 et
712 1282 925 1324 Aboriginum
950 1283 1075 1314 didicis-

67 1338 140 1359 sem,
178 1327 239 1359 Sed
254 1329 339 1359 em'm
355 1339 426 1359 cum
442 1328 539 1366 (XII
550 1328 608 1359 tab.
620 1327 688 1360 14.-
703 1329 738 1364 5‚·
753 1331 793 1358 10
815 1327 953 1359 VIIIQ:
968 1330 1005 1364 4,·
1021 1328 1075 1362 15)
1086 1334 1101 1357 8

67 1373 268 1413 proletarii
292 1375 323 1404 et
347 1373 496 1404 adsidui
521 1375 552 1404 et
576 1374 727 1404 sanates
752 1375 783 1403 et
806 1372 919 1403 vades
939 1374 970 1403 et
990 1372 1075 1403 sub-

138 1471 152 1494 6
172 1468 242 1494 Non*
257 1469 282 1494 Π
296 1478 322 1502 p.
340 1472 398 1501 155,
415 1472 447 1495 19

138 1561 152 1583 6
173 1558 267 1583 annali
282 1558 355 1584 Non.
376 1557 523 1583 annalibus
544 1557 580 1582 m
596 1566 611 1582 σ
626 1558 633 1590 Η
648 1559 663 1582 S
683 1557 816 1590 proletari
835 1558 867 1582 ut
886 1556 962 1583 codd.
978 1557 1051 1583 Non.
1070 1557 1072 1588 l

68 1592 218 1626 publicitus
234 1594 291 1619 iam
306 1594 328 1619 d
345 1594 348 1627 Ι
365 1594 505 1626 scutisque
518 1594 593 1619 lunt⁴
610 1594 743 1626 scutaque
754 1593 828 1619 Non.
844 1592 927 1618 sicuti
943 1592 976 1625 (si
991 1592 1033 1617 uti
1045 1593 1074 1625 Q)

68 1627 145 1661 isque
165 1639 185 1654 ω
203 1630 205 1661 Ι
223 1629 330 1662 ferique
349 1630 462 1654 ornatus
483 1630 548 1661 (rell⁴
569 1630 628 1659 om.)
649 1628 724 1654 codd.
746 1629 820 1654 Non.
835 1629 843 1662 Ι]
859 1630 873 1653 9
895 1637 989 1654 murus
1009 1630 1052 1656 Qz
1066 1628 1075 1662 Η

70 1667 99 1689 11
125 1673 150 1697 q.
171 1665 205 1699 c.]
225 1665 365 1698 quesitum
384 1667 404 1693 Q.
428 1666 539 1698 ceptum
559 1667 575 1689 Z
599 1665 607 1697 Η
633 1667 664 1690 14
684 1663 731 1690 ille
750 1673 769 1698 γ
787 1665 795 1697 ΙΙ
815 1666 847 1689 20
868 1664 910 1690 est
929 1672 968 1697 pr.
989 1666 1010 1692 Q.
1033 1664 1076 1689 est

69 1698 201 1726 oleatorio
220 1703 238 1725 z
255 1700 258 1735 l
275 1700 330 1725 iam
355 1699 410 1726 ciui
429 1708 478 1726 om.
498 1709 517 1734 γ
534 1702 536 1733 1
555 1699 598 1725 cui
618 1700 668 1725 del.
686 1700 787 1726 Schoell
806 1700 851 1725 cm*
870 1699 962 1733 quiuis
982 1699 1075 1732 Sciop-

66 1735 131 1767 pius
144 1736 153 1767 {l
168 1738 200 1761 -24
220 1735 268 1761 ille
283 1744 331 1761 om.
347 1744 366 1770 γ
382 1736 385 1770 Ι
402 1736 430 1761 in
450 1737 524 1762 terra
544 1737 571 1761 et
591 1735 651 1761 dari
667 1735 689 1761 d
704 1737 712 1769 ΙΙ
727 1738 760 1761 ‘26
781 1744 842 1761 cum
858 1744 873 1761 σ
892 1743 976 1768 quam
991 1745 1011 1760 ω
