1291 1912
492 91 580 117 xvm
600 94 628 124 ἰς
649 94 664 117 8
1018 91 1083 123 245

77 186 160 206 care:
187 174 292 205 locum
322 176 585 215 suggestumque,
614 173 696 204 tmde
725 174 821 204 verba
850 173 974 213 fierent,
1003 173 1110 204 sicuts

78 219 118 250 Μ,
142 218 291 249 Tullius
320 218 352 248 in
382 219 568 258 oratione,
596 228 676 258 quae
705 218 857 258 inscripta
881 220 929 248 est
952 219 1109 248 contra7

78 263 290 295 contionem
321 262 355 299 Q.
382 262 527 293 Metelli
557 263 610 302 (fr.
635 265 655 293 4
674 273 706 302 p.
731 265 794 293 946
820 263 898 297 Or.):
932 262 1084 293 escendi

78 308 181 348 inquit
198 307 235 338 in
255 307 485 345 contionem,
505 317 711 338 concursus
727 310 782 338 est
798 307 931 347 populi
946 307 1084 346 factus3

51 365 62 384 ε,
77 353 151 383 item
176 351 354 393 significare
378 353 503 382 coetum
528 351 639 392 populi
663 352 857 391 adsistentis,
883 351 977 382 sicuti
1000 351 1110 382 idems

77 396 116 427 M.
133 395 283 426 Tullius
303 396 335 426 in
356 398 506 426 oratore
522 396 566 426 ait
581 396 625 435 (L
640 396 730 429 1659:
751 394 958 426 Contiones
974 406 1084 436 saepe

77 441 286 472 exclamare
324 441 416 480 vidi,
455 451 534 471 cum
573 443 659 480 apte
696 440 809 471 verba
846 440 1084 471 cecidissent.

77 484 224 516 Etenim
257 487 460 525 expectant
488 496 610 524 aures,
644 488 683 515 ut
711 485 837 516 verbis
867 485 1086 526 conligetur

77 529 279 567 sententia;
308 529 383 560 item
413 529 588 560 orationem
618 529 733 569 ipsam,
762 540 842 569 quae
866 529 905 559 ad
930 529 1085 569 populum

39 586 62 606 m
76 574 239 605 diceretur.

141 617 298 658 Exempla
326 618 359 648 in
388 628 424 649 eo
452 618 535 648 libro
565 618 683 658 scripta
709 629 773 648 non
798 620 894 648 erant.
943 616 1004 648 Sed
1027 628 1085 648 nos

76 664 186 703 postea
218 662 406 693 Favorino
445 662 634 693 desideranti
668 662 780 693 harum
814 662 955 692 omnium
990 662 1085 703 signi-

75 707 258 738 ficationum
297 709 502 737 monumenta
541 709 571 737 et
609 706 692 747 apud
732 706 964 744 Ciceronem,
1004 706 1086 737 sicut

76 762 170 792 supra
199 751 324 791 scripsi,
353 754 384 782 et
410 751 493 791 apud
518 751 771 792 elegantissimos
795 753 937 782 veterum
962 752 1086 791 reperta

37 795 290 836 1sexhibuimus3
332 796 364 826 id
401 798 506 826 autem
545 796 630 835 quod
668 796 870 836 potissimum
908 794 1111 835 expetebat-„9

76 839 281 871 ‘contionem’
308 851 374 871 esse
399 840 514 871 dictam
540 851 597 880 pro
622 840 727 871 verbis
751 842 782 870 et
807 840 963 879 oratione,
992 839 1085 870 docui

75 885 171 915 titulo
195 884 364 915 Tulliani
387 884 493 925 libri,
521 885 575 924 qui
599 896 617 914 a
640 884 681 914 M.
707 883 889 915 Cicerone
912 884 1086 924 inscriptus

76 931 124 959 est
143 931 275 960 contra
295 929 509 960 contionem
527 928 560 965 Q.
577 928 737 966 Metelli,
757 940 821 969 quo
841 928 923 959 nihil
942 928 1085 969 profecto

77 973 274 1013 significatur
302 973 400 1013 aliud,
429 984 524 1013 quam
554 974 636 1014 ipsa,
665 984 744 1014 quae
773 985 791 1004 a
817 973 972 1004 Metello
1002 973 1086 1003 dicta

37 1030 62 1049 zo
77 1020 136 1055 est,
161 1018 270 1048 oratic.

72 1147 278 1182 Ὁμοιοτέλευτα
303 1151 330 1175 et
355 1148 526 1182 ὁμοιόπτωτα
552 1151 635 1183 atque
661 1149 717 1175 alia
741 1150 770 1174 id
790 1158 890 1182 genus,
915 1157 987 1182 quae
1007 1157 1074 1175 orna

112 1186 205 1211 menta
224 1185 357 1210 orationis
378 1186 519 1218 putantur,
539 1185 636 1219 inepta
652 1193 710 1211 esse
727 1187 753 1210 et
769 1185 888 1218 puen'lia
903 1185 1003 1210 Lucilii
1019 1193 1086 1218 quo—

113 1228 166 1254 que
184 1220 308 1246 versibus
328 1220 471 1246 declarari.

38 1295 62 1315 25
139 1283 381 1324 Ὁμοιοτέλευτα
406 1287 437 1315 et
461 1284 696 1324 ι’σοκατάληκτα
721 1286 752 1315 et
776 1285 898 1325 πάρισα
923 1287 954 1315 et
976 1283 1111 1325 ὅμοιά-1

76 1339 184 1359 πτωτα
232 1331 398 1370 ceteraque
440 1328 622 1359 huiusmodi
664 1329 866 1368 scitamenta,
912 1340 992 1368 quae
1034 1329 1087 1359 isti

77 1373 242 1413 apirocali,
275 1374 330 1413 qui
363 1384 395 1404 se
423 1372 594 1404 Isocratios
627 1373 727 1404 videri
760 1374 885 1413 volunt,
918 1373 950 1404 in
981 1373 1087 1404 conlo-

78 1417 184 1447 candis
213 1417 318 1448 verbis
342 1418 511 1448 immodice
534 1417 656 1448 faciunt
680 1420 711 1448 et
734 1417 874 1456 rancide,
904 1428 999 1457 quam
1024 1418 1088 1447 sint

78 1461 224 1492 insubida
256 1464 287 1492 et
314 1462 428 1492 inertia
457 1465 488 1492 et
516 1462 663 1501 puerilia,
695 1462 886 1492 facetissime
914 1461 1019 1492 hercle
1048 1461 1087 1492 si-

38 1517 64 1537 so
79 1505 210 1547 gnificat
238 1505 272 1536 in
295 1507 429 1546 quinto
454 1508 668 1536 saturarum
693 1505 873 1536 Lucilius.
922 1505 1005 1536 Nam
1030 1506 1111 1537 ubie

150 1604 164 1626 2
180 1602 284 1634 scripta
300 1603 333 1627 11
344 1603 353 1634 ΙΙ
368 1605 383 1627 5
398 1601 465 1627 item
480 1618 512 1620 —
529 1601 690 1627 adsistentis
706 1603 733 1627 in
751 1612 771 1627 ω
784 1606 844 1635 post
859 1602 998 1628 sententia
1013 1603 1046 1635 (Γ.
1060 1604 1086 1635 9)

78 1638 215 1663 exstantia
233 1638 285 1662 huc
304 1641 406 1669 transp.
429 1638 505 1671 May.
522 1638 529 1669 Η
545 1640 559 1662 6
580 1637 607 1662 in
628 1637 753 1663 oratione
773 1648 793 1662 ω
808 1639 816 1671 ΙΙ
831 1640 846 1663 8
865 1638 897 1663 Id
917 1637 990 1663 enim
1011 1638 1063 1664 Cic.
1078 1638 1088 1672 Η

80 1675 110 1697 11
127 1674 190 1705 fort.
204 1672 339 1706 Exempla
355 1672 447 1707 (illa)
462 1675 470 1705 Η
486 1676 517 1698 12
534 1672 710 1698 desiderante
726 1675 746 1701 Q
760 1674 768 1706 ll
784 1676 815 1699 13
832 1674 859 1699 et
874 1682 923 1699 om.
935 1675 955 1701 Q
970 1675 978 1706 Η
994 1676 1025 1699 15
1041 1681 1086 1699 ex-

78 1707 222 1740 petabatz
237 1710 245 1741 ξΙ
262 1711 292 1733 16
309 1707 404 1733 docuit
414 1718 434 1733 ω
445 1708 516 1734 uude
526 1708 625 1733 titulus
636 1717 651 1734 σ
665 1710 673 1741 Η
689 1711 721 1733 2-2
737 1709 783 1734 ΕΤ
795 1711 812 1733 Ζ
829 1709 872 1734 ke!
885 1710 985 1742 (ΚΛΑΤ
996 1710 1030 1741 Χ)
1042 1709 1086 1749 cuj}

80 1745 113 1768 25
132 1743 171 1778 et]
191 1744 237 1769 καὶ
258 1747 297 1770 ter
315 1744 402 1768 non
418 1745 427 1777 ΙΙ
446 1746 479 1769 26
499 1744 580 1769 huius
601 1744 707 1769 cemodi
728 1746 745 1769 0
765 1745 774 1777 Η
793 1747 824 1769 27
846 1745 871 1770 ei
891 1744 953 1778 quis
973 1746 1086 1770 socrati-

80 1786 125 1804 cos
141 1781 161 1807 Q
175 1780 183 1812 :1
198 1781 230 1804 ‘29
250 1779 355 1804 insulsa
375 1779 473 1805 Usener
486 1781 495 1812 Η
510 1781 542 1804 30
562 1778 630 1812 ubiq
649 1788 711 1805 cum
726 1779 759 1808 αἱ
