1291 1912
62 584 87 602 10

63 805 88 824 15

67 1250 91 1268 ΞΒ

68 1471 94 1490 30

557 51 652 78 ΧΠΙῡ
1068 51 1110 83 59

593 151 621 181 V

100 212 140 239 De
164 212 314 238 Aristotele
338 213 366 238 et
390 212 580 245 Theophrasto
604 214 633 237 et
657 212 780 238 Eudemo
805 212 992 245 philosophis;
1022 212 1112 245 deque

136 248 258 282 eleganti
287 248 453 274 verecundia
477 247 634 273 Aristotelis
664 256 848 273 successorem
878 247 1016 273 diatribae
1046 255 1112 273 suae

135 284 274 318 eligentis.

167 347 399 378 Aristoteles
438 346 649 388 philosophus
687 357 787 378 annos
826 347 888 377 iam
922 347 986 378 fere
1020 348 1113 377 natus

101 392 163 423 duo
202 394 233 423 et
270 392 435 433 sexaginta
472 402 605 432 corpore
638 402 733 433 aegro
767 391 956 432 adfectoque
988 401 1025 422 ac
1058 402 1113 431 spe

101 437 185 467 vitae
212 437 301 467 tenui
329 437 398 467 fuit.
445 436 534 466 Tunc
562 437 664 466 omnis
689 436 756 467 eius
781 438 974 467 sectatorum
1000 434 1114 466 cohors

102 481 141 512 ad
169 492 240 512 eum
270 481 391 512 accedit
420 483 545 511 orantes
576 481 854 521 obsecrantesque,
884 482 919 511 ut
947 481 1015 521 ipse
1039 479 1114 510 deli—

103 528 191 567 geret
227 526 290 556 loci
323 526 372 556 sui
405 527 437 556 et
469 526 645 566 magisterii
678 536 906 564 successorem,
945 535 1007 565 quo
1042 526 1115 565 post

102 581 262 601 summum
283 570 349 601 eius
369 570 452 600 diem
473 570 605 610 proinde
625 572 661 600 ut
679 570 749 610 ipso
770 572 936 600 uterentur
954 569 994 600 ad
1010 568 1116 600 studia

103 615 318 645 doctrinarum
356 614 534 654 conplenda
569 614 817 655 excolendaque,
855 614 971 654 quibus
1005 613 1044 644 ab
1078 623 1114 644 eo

102 659 207 690 inbuti
235 659 378 690 fuissent.
425 658 527 689 Erant
555 661 631 689 tunc
660 659 692 689 in
721 659 787 689 eius
812 659 887 689 ludo
913 658 988 689 boni
1013 657 1116 698 multi,

103 704 157 734 sed
200 703 362 744 praecipui
405 703 481 743 duo,
523 702 810 744 Theophrastus
849 705 881 734 et
917 702 1115 733 Eudemus.

102 747 235 789 Ingenio
269 747 302 778 hi
332 750 427 788 atque
456 748 607 778 doctrinis
637 750 757 779 ceteros
786 748 1004 788 praestabant3
1037 747 1118 778 alter

104 804 142 823 ex
165 793 269 823 insula
294 792 396 823 Lesbo
421 793 495 829 fuit,
519 792 707 823 Eudemus
731 794 838 823 autem
862 791 986 823 Rhodo.
1033 790 1116 822 Ari<

104 837 264 868 stoteles
293 837 457 877 respondit
480 837 640 868 facturum
665 848 745 874 esse,
774 837 859 877 quod
883 837 1015 876 vellent,
1044 846 1116 867 cum

105 881 136 912 id
160 881 221 912 sibi
245 882 327 912 foret
351 882 586 922 tempestivum.

172 925 286 957 Postea
314 926 402 957 brevi
430 928 575 966 tempore
604 936 675 956 cum
706 926 789 956 idem
818 925 879 965 illi,
908 925 962 966 qui
992 925 1029 956 de
1054 936 1117 955 ma-

104 971 205 1012 gistro
235 970 421 1001 destinando
451 971 622 1011 petierant,
652 972 832 1011 praesentes
862 972 979 1007 essent,
1008 970 1117 1000 vinum

64 1028 76 1046 2>
106 1015 163 1053 ait,
192 1015 277 1055 quod
301 1017 369 1045 tum
395 1015 531 1053 biberet,
556 1026 621 1045 non
644 1026 711 1046 csse
736 1015 767 1046 id
792 1026 829 1045 ex
854 1014 1029 1045 valitudine
1053 1025 1119 1052 sua,

105 1059 159 1090 sed
188 1059 348 1090 insalubre
373 1070 440 1090 esse
465 1062 559 1100 atque
584 1070 731 1100 asperum
755 1070 792 1090 ac
816 1061 984 1099 propterea
1009 1059 1118 1098 quaeri

106 1103 219 1135 debere
252 1104 413 1134 exoticum
447 1104 497 1135 vel
525 1103 687 1134 Rhodium
720 1103 851 1144 aliquod
879 1104 930 1134 vel
957 1103 1118 1134 Lesbium.

106 1147 142 1179 Id
170 1148 231 1179 sibi
260 1150 430 1189 utrumque
459 1151 494 1179 ut
523 1150 682 1188 curarent,
715 1149 829 1189 petivit
857 1159 1052 1188 usurumque
1082 1158 1118 1178 eo

107 1192 201 1233 dixit,
229 1193 315 1233 quod
341 1204 409 1224 sese
434 1193 535 1234 magis
561 1193 699 1224 iuvisset.
746 1192 846 1229 Eunt,
876 1194 1045 1232 quaerunt,
1074 1192 1119 1222 in-

107 1237 251 1276 veniunt,
275 1237 430 1268 adferunt.
478 1237 558 1268 Tum
584 1236 817 1268 Aristoteles
843 1236 1005 1267 Rhodium
1030 1237 1120 1277 petit,

108 1280 268 1322 degustat:
294 1282 444 1312 ‘firmum'
471 1282 576 1321 inquit
600 1281 717 1313 ‘hercle
741 1282 851 1312 vinum
874 1283 905 1312 et
925 1281 1120 1311 iucundum’.

109 1325 192 1356 Petit
216 1337 291 1357 mox
315 1326 474 1357 Lesbium.
521 1326 590 1363 Quo
616 1327 692 1357 item
717 1326 898 1368 degustato:
925 1325 1119 1365 ‘utrumque'

1149 1200 1162 1222 ἡ]
1149 1155 1163 1177 Φ

1149 1246 1164 1266 ΓΙ.

1150 1334 1164 1355 ‘J

110 1370 213 1410 inquit
238 1370 367 1411 ‘oppido
394 1371 522 1409 bonum,
549 1371 603 1402 sed
630 1371 730 1411 ἡδίων
754 1370 770 1401 ὁ
797 1370 958 1410 Λέσβιοςῖ
1005 1368 1042 1400 Id
1065 1369 1121 1400 ubi
1134 1378 1165 1401 10

110 1414 203 1453 dixit,
231 1416 350 1446 nemini
374 1416 435 1446 fuit
460 1415 605 1455 dubium,
633 1416 710 1455 quin
734 1415 838 1456 lepide
862 1414 958 1445 simul
982 1417 1013 1445 et
1038 1425 1121 1445 vere-

110 1459 210 1489 cunde
230 1469 442 1490 successorem
464 1460 519 1490 ffla
538 1470 615 1490 voce
636 1459 705 1499 sibi,
730 1470 794 1490 non
814 1460 923 1490 vinum
945 1458 1121 1499 delegisset.

110 1502 140 1533 Is
169 1505 235 1534 erat
264 1514 280 1534 e
305 1503 409 1535 Lesbo
433 1503 736 1545 Theophrastus,
765 1504 921 1535 suavitate
950 1503 1047 1534 homo
1077 1504 1164 1534 in-11

182 1602 195 1625 2
216 1599 377 1625 menedemo
397 1610 417 1625 ω
432 1602 440 1633 Η
456 1603 550 1631 5-60,
567 1604 581 1625 3
602 1601 680 1626 etiam
702 1601 730 1626 rin
746 1602 766 1625 Β
783 1601 786 1634 Ι
804 1600 883 1626 annis
899 1601 918 1625 B
933 1601 941 1632 Η
957 1602 972 1624 8
993 1599 1123 1633 diligeret

110 1636 161 1661 dx
179 1637 187 1668 Η
209 1639 238 1660 11
265 1635 480 1669 contemplanda
499 1638 519 1660 B
538 1638 546 1668 [Ι
568 1638 598 1661 12
624 1638 716 1662 errant
736 1638 778 1661 ΒΖ
797 1637 805 1668 Η
827 1638 857 1661 13
883 1635 1033 1669 praecipue
1053 1635 1126 1661 0¹11

110 1678 186 1696 -uam
202 1674 225 1696 X
242 1672 244 1703 Ι
263 1671 406 1705 eudemus]
422 1673 444 1696 Y
459 1675 483 1697 et
500 1681 520 1697 r.
536 1672 552 1697 I.
570 1673 596 1697 in
613 1675 632 1696 Τ
646 1671 825 1698 menedemus
841 1674 888 1696 ωΤ
902 1672 911 1703 11
928 1674 959 1696 15
977 1670 1122 1704 eudemus]

110 1715 132 1732 v.
149 1707 164 1732 l.
183 1707 209 1731 in
227 1709 245 1731 Τ
265 1706 443 1732 menedemus
464 1717 483 1732 ω
503 1709 511 1740 Η
532 1709 561 1732 17
583 1711 607 1733 et
627 1710 658 1733 23
680 1707 735 1733 cibi
754 1708 839 1733 οΠΧ
858 1709 866 1739 Η
886 1710 919 1732 24
940 1714 999 1732 esse
1015 1707 1101 1731 011x
1118 1706 1120 1739 3

110 1742 258 1776 quaerunt]
275 1751 290 1770 ς
310 1744 407 1768 curant
423 1753 443 1767 ω
458 1744 466 1775 Η
481 1745 514 1768 28
535 1743 669 1769 ΗΔΞΙωΝ
687 1743 756 1775 (Κ-ΟΝ
775 1744 819 1776 Π)
836 1753 856 1768 ω
874 1744 876 1775 Ι
894 1738 967 1767 ΛΕΕ.
984 1742 1042 1775 gsic)
1056 1751 1074 1775 γ
