1291 1912
455 90 503 116 xx
524 93 552 120 8:
572 93 600 121 9;
622 92 652 116 10
993 89 1058 121 303

50 170 270 212 congerminat
303 171 471 203 decedente
503 171 592 212 luna,
629 174 737 203 contra
770 173 875 202 autem
909 171 1059 203 inarescit

49 214 256 246 adolescente.
320 215 400 246 Eam
448 227 574 248 causam
618 227 685 248 esse
727 216 837 248 dicunt
878 216 1057 247 sacerdotes

48 259 214 301 Aegyptii,
243 270 299 290 cur
322 259 503 292 Pelusiotae
532 271 606 302 cepe
633 271 698 292 non
726 261 825 299 edint,
854 261 928 300 quia
953 261 1056 292 solum

49 304 170 334 olerum
200 304 341 335 omnium
372 308 481 336 contra
509 306 602 336 lunae
628 307 798 347 augmenta
821 307 918 345 atque
943 305 1058 336 damna

49 348 132 379 vices
156 349 318 379 minuendi
344 351 374 379 et
398 350 535 390 augendi
558 349 673 381 habeat
695 350 906 381 eontrariaS.’'

530 438 575 469 IX

48 496 182 529 Qualibus
206 498 296 524 verbis
321 498 454 524 delectari
478 499 575 525 solitus
600 500 636 526 sit
655 499 790 525 Antonius
810 499 933 525 Iulianus
956 499 1057 532 positis

83 533 111 559 in
139 533 308 560 mimiambis
338 534 406 568 (Cn.
431 534 525 565 Matii3
554 537 582 561 et
610 535 676 568 quid
705 535 843 569 significet
868 534 904 561 M.
930 534 998 560 Cato
1026 535 1056 560 in

83 569 216 601 oratione,
236 569 341 603 quam>
362 570 472 603 scripsit
492 571 525 596 de
544 571 703 597 innocentia
720 578 776 604 sua,
797 579 858 596 cum
873 571 914 596 ita
929 571 1054 596 dictitat:

84 605 247 638 ‘numquam
265 605 430 631 vestimenta
450 614 466 631 a
485 606 588 639 populo
608 607 742 640 poposci’.

113 667 272 700 Delectari
296 670 491 710 mulcerique
516 681 606 701 aures
628 681 699 701 suas
718 670 842 702 dicebat
861 669 1054 701 Antonius
1068 678 1081 700 1

46 711 218 744 Iulianus
235 713 395 755 figmentis
411 714 579 745 verborum
595 715 686 746 novis
702 714 759 746 Cn
776 715 896 755 Matii,
915 714 1054 745 bominis

46 757 171 806 eruditi,
195 758 301 798 qualia
324 758 402 789 haec
427 770 553 799 quoque
577 761 690 799 essent,
714 770 794 800 quae
818 759 936 800 scripta
957 759 998 790 ab
1017 769 1081 789 eo..
1066 766 1081 781 0

45 801 79 832 in
103 802 331 834 mimiambis
356 804 553 834 memorabat
577 805 630 843 (fr.
650 806 691 835 12
706 804 773 844 R).

90 864 251 905 sinuque
275 865 431 896 amicam
456 865 573 897 refice
596 866 774 907 frigidam
799 866 906 897 caldo

89 909 379 940 columbulatim
404 909 510 941 labra
535 921 736 941 conserens
760 910 888 942 labris.

44 970 136 1054 Item]
158 972 350 1057 itzjiuoque
384 972 519 1003 iucunde
552 973 718 1013 lepideque
748 973 856 1004 fictum
886 972 1080 1005 djetitabat3

45 1020 98 1054 (r.
137 1018 159 1047 3
205 1041 210 1046 .
233 1028 240 1046 z

88 1078 160 1108 iam
184 1078 347 1110 tonsiles
371 1082 520 1120 tapetes
545 1080 642 1110 ebrii
665 1080 766 1119 fuco,

89 1132 183 1162 quos
207 1123 349 1154 concha
374 1135 540 1164 purpura
565 1124 736 1155 imbuens
760 1124 970 1155 venenavit.

45 1178 97 1195 *ta*

535 1212 564 1243 X

84 1271 178 1306 <Quid
198 1273 363 1299 vocabulum
386 1274 429 1299 ‘ex
448 1274 506 1299 iure
526 1281 638 1299 manum
659 1274 825 1300 consertum'
847 1272 1014 1308 significet.)

110 1335 164 1366 Ex
184 1336 264 1368 iure
284 1348 430 1368 manum
451 1340 665 1368 consertum
686 1337 782 1368 verba
801 1339 875 1368 sunt
893 1348 935 1368 ex
955 1337 1076 1370 anti-1

44 1380 128 1420 quis
152 1381 385 1421 actionibus,
412 1392 500 1422 quae,
524 1393 595 1412 cum
620 1382 689 1423 lege
713 1382 818 1423 agitur
842 1383 873 1412 et
896 1381 1052 1412 vindiciae

114 1479 147 1502 24
167 1473 263 1510 (Varro
280 1477 295 1502 l.
312 1478 328 1503 l.
347 1478 382 1502 VI
400 1481 421 1509 7,
439 1481 471 1503 64
491 1477 544 1503 Cic.
561 1487 610 1511 pro
626 1478 693 1503 Mur.
711 1477 759 1503 XII
771 1480 803 1503 26
819 1477 852 1504 de
863 1479 930 1504 orat.
942 1477 954 1503 I
966 1480 1006 1510 10,
1017 1480 1049 1503 41

43 1512 78 1537 ad
94 1513 150 1538 Att.
167 1513 216 1538 XV
231 1516 255 1539 Ἡ

113 1604 128 1627 3
148 1602 234 1628 edunt
254 1604 274 1630 Q,
296 1602 381 1627 edant
400 1611 418 1635 γ
433 1604 440 1633 ss
455 1606 471 1627 4
491 1603 652 1636 augmenta]
673 1605 693 1631 Q
713 1604 795 1628 aucta
814 1613 834 1628 ω
849 1604 858 1636 Π
873 1605 886 1628 7
906 1602 1008 1636 posciis
1027 1603 1050 1628 δ

41 1638 104 1670 pest
118 1646 149 1663 us
159 1638 196 1662 N*
210 1640 217 1670 Η
233 1641 248 1663 8
259 1646 294 1670 sq.
312 1637 358 1663 Cn,
373 1653 403 1656 -
415 1646 499 1670 quam
510 1637 573 1663 add.
585 1637 730 1664 LMueller
743 1640 752 1671 ΙΙ
769 1641 800 1664 10
815 1639 980 1664 scitamenta
989 1638 1048 1663 edd.

40 1676 100 1698 vett.
118 1674 121 1706 Ι
138 1673 214 1706 posci
226 1684 246 1699 ω
257 1681 324 1699 corr.
336 1673 481 1699 Lfllueller
495 1674 503 1705 ῙΙ
519 1676 551 1698 15
567 1675 609 1698 est
623 1682 715 1706 nuque
730 1675 795 1707 (nuq
807 1675 836 1708 Q)
847 1674 869 1699 δ
885 1674 889 1707 Ι
904 1673 1017 1699 reficere
1028 1683 1048 1699 ω

41 1715 108 1734 corr.
120 1708 240 1743 Scaliyer
253 1710 262 1741 11
278 1712 309 1734 16
323 1708 534 1734 columbalatim
546 1711 566 1736 0.
580 1708 760 1735 columbatim
770 1718 789 1743 γ
802 1711 811 1742 ΙΙ
826 1713 857 1735 21
869 1710 965 1735 desunt
975 1709 1049 1735 haud

37 1750 138 1776 pauca,
158 1744 200 1770 vd.
217 1745 310 1770 lemma
325 1745 333 1776 ΙΙ
349 1746 381 1769 23
402 1744 524 1770 lemmata
541 1745 658 1777 capitum
675 1747 710 1771 10
724 1749 748 1771 et
763 1748 795 1771 11
811 1753 860 1771 om.
876 1755 896 1771 ω
911 1747 920 1777 Η
935 1747 968 1770 25
987 1744 1048 1769 uin-

41 1778 116 1812 digie
131 1780 154 1805 <5
172 1780 314 1805 uindictae
329 1788 347 1812 γ
