1266 1902
194 64 256 95 292
652 64 700 89 XX
721 66 734 89 1

193 146 376 176 facultatem
399 145 578 185 paciscendi
602 146 632 175 et
656 155 720 175 non
744 154 870 175 necesse
889 146 930 175 sit
949 145 1015 185 pati
1034 145 1195 185 talionem,

150 190 254 221 370151
278 201 346 220 eam
371 191 406 220 tu
430 189 570 230 elegeris.
613 188 704 225 Quod
728 188 865 220 edictum
889 191 993 220 autem
1013 191 1194 229 praetorum

194 234 232 264 de
255 233 458 264 aestimandis
481 233 604 264 iniuriis
624 232 820 273 probabilius
840 244 907 264 0550
925 234 1096 272 existimas,
1119 233 1194 264 nolo

194 279 255 309 1100
282 279 408 318 ignores
435 278 516 308 hanc
540 288 665 317 quoque
689 277 791 317 ipsam
814 277 966 308 talionem
990 278 1029 308 ad
1052 278 1196 308 aestima—

151 323 314 353 3811011001
338 321 450 352 iudicis
474 321 575 362 redigi
596 321 771 352 necessario
792 322 926 352 solitam.
968 321 1050 353 Nam
1071 322 1097 352 si
1116 333 1197 361 1005,
1224 333 1235 353 ⁵
1262 336 1266 354 1

195 367 250 406 qui
278 366 434 406 depecisci
461 367 619 405 noluerat,
647 365 743 396 iudici
766 366 917 396 talionem
941 365 1110 406 imperanti
1132 377 1197 397 non

196 410 339 451 parebat,
365 410 532 441 aestimata
555 410 610 440 lite
635 410 728 440 iudex
752 410 912 441 11001100111
937 411 1088 450 pecuniae
1113 410 1197 441 dam-

196 455 304 495 nabat,
337 457 432 494 atque
465 455 522 494 ita,
555 455 581 484 si
613 465 667 485 reo
700 456 732 485 et
759 455 864 494 pactio
894 455 998 495 gravis
1027 457 1057 485 et
1085 454 1197 486 acerba

197 499 273 529 talio
302 499 369 529 visa
396 499 513 538 fuerat,
542 499 690 529 severitas
717 499 797 539 legis
825 499 863 529 ad
890 499 1040 539 pecuniae
1064 500 1197 529 multam

153 552 184 574 39
196 543 325 574 redibat.
370 542 490 582 Restat,
512 546 549 573 ut
573 543 609 582 ei,
634 543 718 582 quod
742 543 778 574 de
803 543 941 574 sectione
964 543 1197 583 partitioneque
1213 554 1237 573 m
1256 557 1264 577 η

197 587 337 628 corporis
356 587 609 618 inmanissimum
630 598 696 618 esse
715 587 774 618 tibi
791 587 893 617 visum
909 589 964 627 est,
982 587 1197 628 respondeam.

196 630 351 662 Omnibus
375 631 501 671 quidem
525 631 679 662 virtutum
705 631 872 672 generibus
896 631 1076 662 exercendis
1096 632 1198 662 colen—

197 676 306 715 disque
340 676 478 716 populus
507 675 668 706 Romanus
702 686 718 706 e
750 686 846 716 parva
877 676 997 717 origine
1025 676 1065 706 ad
1092 678 1198 706 tantae

196 720 414 760 amplitudinis
433 720 533 750 instar
553 720 689 757 emicuit,
714 720 767 750 sed
788 720 929 750 omnium
949 720 1084 750 maxime
1104 722 1198 759 atque

197 765 364 804 praecipue
383 764 477 794 fidem
498 764 596 794 coluit
616 766 818 803 sanctamque
837 764 949 794 habuit
968 766 1032 794 tam
1051 764 1197 804 privatim
1214 774 1238 794 15

153 818 293 848 amquam
317 808 452 848 publice.
501 808 552 839 Sic
576 809 733 847 consules,
763 808 952 839 clarissimos
976 809 1074 845 viros,
1102 808 1199 838 hosti-

199 853 256 883 bus
276 853 508 883 confirmandae
528 852 601 882 fidei
621 852 765 892 publicae
785 862 877 883 causa
897 853 1023 893 dedidit,
1043 853 1088 883 sic
1107 853 1199 883 clien-

198 899 261 927 tem
285 897 318 927 in
341 896 434 927 fidem
460 899 625 936 acceptum
649 897 801 927 cariorem
824 896 933 927 haberi
958 907 1053 936 quam
1073 896 1199 937 propin-

198 951 277 980 quos
301 940 517 980 tuendumque
541 952 607 971 esse
632 943 740 971 contra
764 943 915 982 cognatos
940 941 1074 980 censuit,
1098 951 1200 980 neque

198 985 287 1025 peius
310 985 411 1015 ullum
436 985 557 1015 facinus
582 985 796 1015 existimatum
821 987 875 1023 est,
899 996 994 1024 quam
1015 985 1040 1015 si
1060 985 1109 1016 001
1128 995 1199 1024 pro-
1215 995 1238 1014 80
1265 1007 1266 1015 ,

156 1030 327 1059 4100101301·
355 1030 500 1059 clientem
526 1029 639 1059 divisui
664 1029 816 1060 habuisse.
863 1028 954 1060 Hanc
977 1031 1082 1060 autem
1106 1029 1200 1059 fidem

200 1073 333 1104 maiores
357 1074 457 1103 nostri
481 1084 545 1103 11011
569 1073 662 1103 modo
687 1074 719 1103 in
744 1073 920 1104 officiorum
940 1073 1072 1112 vicibus,
1095 1073 1201 1104 sedin

199 1118 400 1158 negotiorum
425 1128 551 1157 quoque
576 1117 788 1148 contractibus
811 1120 982 1148 sanxerunt
1001 1118 1200 1157 maximeque
1264 1134 1266 1152 1

199 1163 232 1192 in
262 1162 412 1202 pecuniae
441 1162 632 1192 mutuaticae
660 1173 719 1192 usu
747 1164 841 1201 atque
870 1162 1072 1192 commercio:
1104 1162 1201 1192 adimi
1264 1179 1266 1206 l

199 1206 283 1236 enim
317 1208 507 1245 putaverunt
538 1206 712 1236 subsidium
741 1205 801 1237 hoc
828 1206 954 1246 inopiae
982 1207 1200 1246 temporariae,
1216 1216 1236 1235 25
1264 1222 1266 1233 ι

200 1260 262 1289 quo
292 1250 467 1280 communis
498 1250 638 1280 omnium
662 1250 727 1280 vita
751 1250 884 1291 indiget,
913 1250 939 1280 si
963 1250 1093 1290 perfidia
1117 1250 1201 1281 debi-
1264 1267 1266 1285 1

156 1303 188 1324 42
200 1297 305 1324 torum
330 1294 396 1324 5100
421 1295 508 1335 gravi
532 1305 634 1334 poena
654 1294 800 1325 eluderet.
844 1293 986 1324 Confessi
1005 1295 1103 1335 igitur
1121 1295 1201 1325 aeris

200 1349 235 1369 ac
260 1338 358 1369 debiti
381 1338 526 1369 iudicatis
551 1339 682 1379 triginta
707 1338 771 1368 dies
793 1340 866 1369 sunt
886 1338 951 1369 dati
970 1338 1201 1378 conquirendae

156 1391 188 1412 43
200 1382 351 1422 pecuniae
375 1393 477 1422 causa,
501 1393 594 1423 quam
620 1382 833 1421 dissolverent,
857 1393 973 1422 eosque
998 1382 1062 1413 dies
1082 1382 1201 1413 decem·
1262 1400 1266 1418 1

200 1427 259 1457 viri
293 1426 415 1457 ‘iustos’
449 1427 700 1467 appellaverunt,
733 1427 819 1457 velut
849 1427 1007 1466 quoddam
1035 1427 1201 1466 iustitium,
1216 1437 1234 1456 a(
1262 1435 1266 1462 1'

272 1525 303 1547 18
324 1522 347 1547 V
366 1524 406 1554 13,
425 1525 438 1546 *2
459 1522 571 1555 Dionys.
588 1521 648 1547 Hal.
666 1521 689 1547 II
705 1524 744 1553 10,
761 1525 776 1546 4
796 1521 866 1548 Plut.
883 1522 952 1547 Rom
978 1524 1009 1547 13
1029 1522 1101 1547 Serv,
1118 1522 1148 1547 A.
1164 1521 1202 1547 VI

201 1560 250 1582 609
370 1560 402 1582 30
424 1557 498 1583 Paul.
514 1566 539 1590 p.
557 1560 615 1588 103,
632 1560 662 1582 17
683 1557 755 1582 Suet.
771 1557 818 1582 rel.
835 1566 859 1590 p.
878 1560 926 1582 156
937 1557 968 1582 R.
990 1556 1056 1582 CGL
1072 1557 1096 1582 V
1111 1560 1169 1589 214,
1185 1560 1200 1582 8

211 1609 283 1611 7⁷7⁷v
292 1609 318 1610 ’ἡ
334 1609 354 1610 ⁷7
1264 1610 1266 1622 1

272 1640 286 1662 '3
310 1637 478 1669 praetorium
499 1638 564 1669 6113
587 1636 728 1662 existimas
749 1637 873 1662 Huschke
898 1645 929 1662 ex
948 1636 990 1661 his
1011 1637 1055 1669 (iis
1074 1638 1160 1669 NOX)
1179 1646 1200 1661 ω

201 1672 243 1697 his
263 1673 372 1705 potest?
391 1680 404 1697 σ
419 1674 427 1705 ΙῙ
442 1675 456 1696 6
477 1671 581 1705 depisci
597 1674 617 1700 Q
631 1673 639 1705 11
656 1674 686 1696 10
706 1671 803 1697 Restat
820 1688 850 1690 —
866 1675 925 1704 294,
943 1675 974 1696 12
994 1674 1077 1704 atque
1092 1681 1141 1697 om.
1157 1673 1179 1697 δ
1193 1673 1201 1705 Η

203 1710 233 1732 17
259 1707 337 1732 dedit
355 1716 373 1740 γ
392 1716 458 1733 eurr.
479 1708 582 1733 Daniel
604 1708 612 1740 Η
636 1710 668 1731 20
693 1707 715 1732 si
735 1707 781 1739 qui
803 1707 898 1733 Carrio
921 1709 929 1740 11
953 1710 984 1732 27
1010 1707 1142 1733 confessis
1161 1716 1179 1740 γ
1193 1707 1201 1741 ΙΙ

203 1745 234 1767 28
255 1742 356 1768 debitis
373 1744 432 1768 Hx
