1266 1902
183 50 245 81 150
598 50 647 76 XV
667 53 712 83 223
733 53 765 76 23

156 140 170 162 6
181 131 265 162 bant.
303 131 350 162 Ea
370 142 460 162 cerva
476 131 611 171 quodam
628 131 686 172 die,
706 142 776 162 cum
792 132 930 162 incursio
946 133 1028 162 esset
1042 131 1182 162 hostium

180 176 333 215 nuntiata,
357 175 561 206 festinatione
585 185 621 206 ac
644 176 783 207 tumultu
803 178 1002 207 consternata
1022 176 1055 206 in
1073 176 1182 217 fugam

179 231 212 251 se
235 220 383 260 prorupit
406 221 501 260 atque
524 220 557 250 in
581 220 694 260 palude
713 220 859 260 proxima
878 220 1004 251 delituit
1023 222 1055 251 et
1073 221 1183 260 postea

155 264 331 304 7requisita
369 264 487 304 perisse
525 264 642 294 credita
676 265 732 294 est.
786 263 898 304 Neque
930 264 1039 295 multis
1072 263 1183 294 diebus

153 310 253 349 Spost
281 308 441 338 inventam
471 318 537 338 esse
563 318 686 338 cervam
711 307 850 339 Sertorio
875 308 1046 339 nuntiatur.
1092 307 1183 347 Tum,
1211 321 1222 340 5

180 352 233 392 qui
258 352 467 392 nuntiaverat,
491 352 583 382 iussit
606 354 709 383 tacere
732 362 777 392 ac,
800 363 839 383 ne
863 353 913 382 cui
932 353 1037 392 palam
1057 352 1183 392 diceret,

179 396 400 427 interminatus
425 398 472 427 est
496 396 732 445 praecepitque,
759 377 796 426 iit
819 407 886 427 eam
911 399 1039 436 postero
1064 396 1113 427 die
1136 407 1182 426 re-

178 442 272 481 pente
301 440 334 470 in
363 451 433 471 eum
462 441 583 481 locum,
610 441 644 470 in
673 451 734 480 qno
763 441 830 490 ipse
859 451 930 471 cum
959 440 1067 471 amicis
1091 442 1182 480 esset,

178 485 360 515 inmitteret.
416 484 573 515 Admissis
609 484 720 515 deinde
752 485 860 515 amicis
894 484 1047 525 postridie
1078 484 1182 515 visum

178 528 238 559 sibi
267 539 334 559 esse
363 529 407 559 ait
435 529 467 559 in
496 529 604 569 quiete
632 539 767 569 cervam,
800 540 880 569 quae
908 529 1055 569 perisset,
1083 528 1122 559 ad
1150 539 1182 559 se
1198 541 1222 560 ιο

177 573 293 603 reverti
320 574 364 613 et,
392 574 428 603 ut
451 573 537 613 prius
563 575 741 613 consuerat,
770 573 854 612 quod
879 583 958 613 opus
982 574 1065 603 esset
1087 572 1181 611 facto,

152 616 368 657 spraedicere;
404 619 471 647 tum
506 627 609 657 servo,
642 617 727 656 quod
759 617 981 657 imperaverat,
1014 617 1181 658 significat,

179 671 269 692 cerva
293 661 407 691 emissa
432 662 463 691 in
489 661 670 691 cubiculum
696 660 827 692 Sertorii
851 661 1035 701 introrupit,
1063 660 1182 692 clamor

177 705 280 736 factus
305 707 336 736 et
360 707 429 735 orta
453 705 619 736 admiratio
644 707 699 735 est.

245 749 356 789 anue
379 749 544 780 hominum
570 749 774 780 barbarorum
799 748 967 780 credulitas
988 748 1128 779 Sertorio
1148 748 1181 779 in
1197 761 1220 781 15

135 802 166 824 10
177 793 301 834 magnis
330 793 423 824 rebus
452 804 568 835 magno
597 793 668 824 usui
694 793 763 824 fuit.
809 792 962 824 Memoria
986 793 1110 833 prodita
1135 794 1182 823 est

177 848 215 868 ex
243 837 292 868 his
320 838 516 878 nationibus,
546 848 626 877 quae
649 848 720 868 cum
746 836 885 868 Sertorio
909 837 1080 877 faciebant,
1109 847 1181 868 cum

177 881 286 912 multis
315 881 443 921 proeliis
470 884 635 922 superatus
659 883 755 921 esset,
783 882 941 912 neminem
965 892 1116 921 umquam
1141 880 1180 911 ab

178 936 214 956 οο
239 926 414 965 descivisse,
439 937 631 966 quamquam
656 926 687 956 id
712 936 809 966 genus
829 925 994 956 hominum
1015 927 1096 956 esset
1116 935 1180 955 mo-

178 969 377 1000 bilissimum.
1196 982 1221 1000 20

627 1021 735 1053 XXIII

177 1083 218 1108 De
238 1082 377 1143 aetatibus
397 1083 590 1109 historicorum
611 1083 758 1114 nobilium,
778 1082 925 1114 Hellanici⁷
946 1082 1088 1114 Herodoti,
1108 1081 1181 1107 Thu-

213 1127 256 1151 cy(
267 1127 276 1143 1
298 1127 328 1144 15.

152 1190 164 1212 1
243 1181 480 1219 Hellanicus,
505 1181 734 1221 Herodotus,
753 1180 1006 1221 Thucydides,
1029 1180 1180 1211 historiae

178 1225 362 1266 scriptores,
399 1226 432 1256 in
469 1226 568 1256 isdem
606 1225 670 1256 fere
706 1224 902 1265 temporibus
935 1224 1027 1255 laude
1059 1224 1181 1265 ingenti
1196 1236 1220 1256 25

177 1269 352 1300 floruerunt
375 1272 406 1300 et
430 1281 494 1300 non
513 1270 607 1301 nimis
627 1270 722 1310 longe
742 1269 932 1300 distantibus
951 1269 1080 1299 fuerunt
1099 1270 1180 1299 aeta-

152 1313 271 1344 2tibus.
322 1313 405 1344 Nam
434 1313 658 1345 Hellanicus
690 1313 781 1344 initio
815 1312 891 1343 belli
919 1312 1180 1353 Peloponnesiaci

178 1358 276 1388 fuisse
319 1358 458 1398 quinque
500 1360 531 1389 et
573 1358 736 1399 sexaginta
777 1368 875 1387 annos
918 1359 1011 1387 natus
1048 1356 1180 1396 videtur,

176 1401 393 1433 Herodotus
422 1404 485 1432 tres
513 1404 543 1433 et
567 1401 811 1442 quinquaginta,
840 1400 1081 1441 Thucydides
1106 1411 1179 1440 qua-

177 1446 329 1487 draginta.
391 1445 551 1486 Scriptum
594 1448 641 1477 est
677 1445 738 1476 hoc
775 1446 807 1476 111
844 1445 944 1475 libro
982 1445 1179 1475 undecimo
1194 1456 1219 1476 30

176 1489 397 1530 Pamphilae
417 1490 530 1530 (FHG
546 1490 689 1527 III521‚
706 1490 747 1529 7).

248 1589 260 1610 1
287 1586 351 1611 dum
375 1588 392 1610 Z
415 1587 423 1618 ῙΙ
448 1588 462 1610 3
487 1585 625 1618 proripuit
648 1585 781 1611 Davisius
797 1586 800 1617 Ι
818 1585 845 1609 et
869 1584 971 1610 frustra
992 1584 1157 1609 Cornelissen
1171 1583 1180 1617 Η

177 1624 192 1646 6
212 1628 243 1646 ac
263 1629 312 1646 om.
329 1623 349 1649 Q
367 1622 375 1653 11
396 1624 426 1646 11
448 1630 490 1653 op
512 1622 553 1646 est
568 1622 590 1646 δ
608 1622 617 1653 Η
637 1623 667 1645 12
688 1620 847 1653 praedicare
864 1621 948 1645 ΟΠΧ
965 1620 968 1652 Ι
985 1626 1073 1645 sermo
1088 1621 1105 1643 Z
1125 1626 1180 1644 ser-

176 1656 246 1681 torio
266 1665 284 1689 γ
301 1657 304 1689 Ι
322 1656 495 1689 significante
511 1658 558 1680 ΟΧ
578 1655 732 1689 significato
750 1655 944 1681 Bourdelotius
958 1656 966 1687 ΙΙ
982 1657 1013 1680 13
1033 1654 1118 1679 missa
1138 1656 1157 1682 Q
1170 1655 1179 1687 ΙΙ

178 1694 210 1716 16
230 1700 294 1716 115115
315 1694 331 1716 Ζ
349 1693 351 1724 Ι
369 1692 517 1717 memoriae
537 1691 676 1724 pmditum
697 1691 730 1724 <it
748 1699 780 1716 ea·
799 1690 838 1715 ict
857 1691 927 1723 X)y
941 1691 949 1723 ΙΙ
965 1693 997 1715 25
1017 1689 1158 1723 hisdemy
1174 1689 1176 1723 Ι

176 1726 261 1752 ferme
277 1729 293 1751 Z
311 1728 314 1759 Ι
332 1728 412 1760 temp.
430 1726 486 1752 fere
500 1735 518 1760 y
537 1728 555 1751 t.
572 1726 632 1759 pari
647 1726 664 1751 1.
680 1725 785 1759 ingenii
801 1726 881 1752 Beloe
895 1726 903 1758 ΙΙ
919 1727 951 1750 28
971 1726 999 1750 et
1017 1723 1089 1750 LXX
1104 1727 1127 1749 N
