1291 1912
484 47 547 74 xm
566 51 599 74 25
619 48 673 81 (24)
1041 46 1082 77 89

76 131 134 172 pei
168 130 322 161 sedente
351 130 580 170 imperatore
609 128 813 160 decemviri
842 128 1018 168 vendent3
1052 129 1083 158 et

76 175 157 206 infra
184 174 294 205 itidem
324 174 386 205 duo
414 175 492 205 haec
521 174 616 205 simul
639 173 771 204 iunctim
797 173 900 214 posita
925 172 1005 203 dixit
1028 171 1086 211 (ΙΙ

75 222 128 256 22,
148 220 216 251 59);
244 218 299 249 Ex
323 219 474 259 praeda,
503 230 545 250 ex
570 218 773 257 manubiis,
798 229 840 248 ex
865 228 953 248 auro
979 227 1084 247 coro-

76 264 189 295 nario.
241 262 288 294 Ac
322 263 434 294 deinde
463 263 501 294 ad
531 274 602 294 eum
631 262 800 301 convertit,
834 262 889 302 qui
917 261 1082 292 manubias
1095 269 1108 291 τ

50 322 61 341 5
76 319 143 340 esse
166 308 314 348 praedam
339 308 470 348 dixerat,
494 310 537 339 et:
562 307 738 338 ‘videturne
762 307 832 337 tibi'
858 306 962 346 inquit
986 306 1083 336 ‘utro-

76 364 137 393 que
160 353 194 383 in
217 353 287 383 loco
312 352 353 383 M.
378 352 509 383 Cicero
534 352 657 383 duobus
681 351 785 382 verbis
810 352 906 390 idem,
931 350 1024 381 sicuti
1047 352 1083 381 tu

76 399 181 438 putas,
215 397 469 437 significantibus
502 397 609 437 inepte
642 398 673 427 et
704 396 819 437 frigide
849 406 915 426 esse
944 406 1019 425 usus
1048 404 1084 425 ac

76 442 132 473 tali
156 441 226 472 ioco
251 442 374 483 dignus,
399 442 485 481 quali
506 441 591 481 apud
610 440 910 480 Aristophanen,
932 439 1084 470 facetissi-

77 497 163 517 mum
193 487 400 525 comicorum,
428 485 632 526 Euripides
656 484 887 526 Aeschylum
911 484 1084 515 insectatus

38 544 62 563 ιο
77 533 138 569 est,
162 541 233 561 cum
257 531 302 561 ait
327 531 520 570 (να)ι.1154,·
540 532 621 560 1156
630 530 721 569 sqq.):

122 584 180 621 δὶς
205 583 347 615 ταύτὸν
370 584 462 624 ἡμῖν
486 581 593 614 εἶπεν
617 583 634 615 ὁ
659 583 779 623 σοφὸς
803 582 1008 622 Αἰσχύλος.

121 628 196 668 ἥκω
221 629 290 669 γὰρ
316 629 371 665 εἰς
395 633 481 668 γῆν,
505 629 614 668 φησί,
638 626 701 658 καὶ
725 626 973 668 κατέρχομαι·

120 673 196 713 ἥκω
221 671 261 703 δὲ
285 673 427 704 ταύτόν
452 672 530 703 ἐστι
556 676 604 715 τῷ
628 671 874 712 κατέρχομαι.

121 717 165 758 νὴ
190 717 256 748 τὸν
280 716 356 757 Ac’,
381 717 505 757 ὥσπερ
531 715 561 757 γ’
588 720 700 753 εἴτις
724 719 826 747 εἴποι
851 717 1014 756 γείτονι·

41 775 64 794 15
123 766 268 803 χρῆσον
292 762 337 792 σὺ
357 762 543 802 μάκτραν,
568 762 602 792 εἰ
621 759 660 792 δὲ
679 761 828 801 βούλει,
852 759 1085 800 κάρδοπουὶῬ

77 814 299 855 ‘Nequaquam
332 815 417 846 vero’
453 815 557 855 inquit
590 815 643 845 ille
677 814 765 845 ‘talia
796 814 957 852 videntur,
993 813 1112 853 qualeS

78 861 125 890 est
150 859 275 900 μάκτρα
299 861 330 890 et
353 859 532 899 κάρδοπος,
562 870 642 899 quae
665 859 716 890 vel
739 870 757 889 a
781 858 884 899 poetis
908 858 959 888 vel
984 859 1085 888 orato-

76 904 164 934 ribus
195 903 321 935 Graecis
352 905 534 944 nostrisque
563 903 766 934 celebrandae
795 905 826 934 et
855 902 1013 933 ornandae
1041 902 1086 932 rei

78 949 179 990 gratia
213 949 335 979 duobus
369 949 477 979 eadem
511 948 695 989 pluribusve
726 947 910 978 nominibus
941 947 1086 987 frequen-

38 1006 63 1025 20
77 992 206 1024 tantur?

145 1036 239 1074 ‘Quid
258 1038 368 1079 igitur'
389 1038 494 1077 inquit
509 1037 718 1068 Favorinus
737 1037 832 1067 ‘valet
846 1036 924 1067 haec
938 1036 1086 1076 repetitio
1098 1043 1112 1066 9

77 1081 328 1122 instauratioque
353 1082 492 1112 eiusdem
516 1082 561 1112 rei
586 1082 644 1112 sub
669 1081 731 1112 alio
755 1081 884 1111 nomine
908 1081 939 1111 in
966 1081 1086 1111 ‘manu-

77 1125 149 1156 biis’
175 1128 206 1157 et
230 1127 263 1157 in
288 1126 448 1167 ‘pi-aeda’?
476 1138 552 1156 num
578 1128 678 1165 ornat,
701 1128 737 1156 ut
760 1125 880 1165 alioqui
905 1126 994 1164 solet,
1019 1135 1086 1155 ora-

78 1170 218 1201 tionem?
246 1182 322 1201 num
352 1182 421 1201 eam
450 1171 695 1201 modulatiorem
719 1170 938 1211 aptioremque
962 1168 1086 1200 reddit?

40 1227 64 1247 25
79 1225 155 1245 num
184 1215 333 1246 onerandi
360 1216 410 1246 vel
435 1215 646 1256 exprobrandi
671 1215 811 1245 criminis
836 1225 928 1245 causa
953 1225 1086 1255 exagge-

79 1259 233 1290 rationem
257 1260 396 1300 aliquam
417 1260 592 1300 speciosam
612 1259 710 1291 facit?
735 1259 816 1290 sicut
835 1259 869 1289 in
887 1259 986 1290 libro
1007 1259 1087 1289 eius-

80 1303 151 1334 dem
183 1303 224 1334 M.
249 1303 364 1344 Tulli,
398 1305 453 1344 qui
487 1304 528 1335 (le
562 1304 831 1335 constituendo
865 1305 1087 1334 accusatore

80 1350 140 1387 est,
163 1359 226 1379 una
250 1349 421 1389 eademque
445 1360 494 1379 res
518 1348 663 1389 pluribus
688 1348 792 1379 verbis
818 1347 1020 1378 vehementer
1043 1349 1088 1377 at-

80 1403 140 1432 que
160 1393 309 1424 atrociter
328 1393 444 1424 dicitur
461 1394 535 1433 (dir.
553 1394 585 1423 in
602 1392 685 1423 Caec.
707 1392 815 1433 V19):
839 1391 974 1423 Sicilia
993 1393 1087 1431 tota,

39 1450 64 1469 so
80 1437 111 1467 si
135 1447 206 1467 una
229 1448 319 1468 voce
342 1438 579 1478 loqueretur,
602 1437 671 1468 hoc
695 1437 850 1468 diceret:
875 1436 973 1476 quod
993 1436 1088 1476 auri,

80 1481 177 1522 quod
206 1482 369 1523 argenti,
398 1482 495 1522 quod
521 1483 828 1512 ornamentorum
854 1481 891 1511 in
914 1481 1005 1511 meis
1030 1492 1088 1511 ur-

79 1525 204 1565 bibus,
238 1526 404 1565 sedibus,
438 1527 607 1557 delubris
640 1526 721 1557 fuit.
772 1525 855 1556 Nam
890 1536 962 1556 cum
994 1525 1088 1556 urbes

79 1570 177 1600 semel
209 1572 293 1601 totas
322 1570 467 1609 dixisset,
501 1571 589 1602 sedes
619 1570 812 1611 delubraque
841 1570 974 1609 addidit,
1008 1580 1088 1610 quae

151 1670 163 1692 1
181 1666 206 1692 d.
223 1666 258 1701 πη]
271 1674 395 1692 censores
406 1667 478 1693 Non.
494 1669 502 1696 [Ι
517 1670 532 1693 8
548 1666 608 1693 loco
621 1667 665 1693 «50
679 1668 688 1700 Η
705 1669 735 1692 13
752 1665 828 1699 ἥκειν
840 1668 924 1692 Arm.
940 1667 948 1699 Ιζ
965 1669 996 1691 14
1012 1667 1058 1690 ΔΗ
1070 1674 1089 1699 γ

80 1701 121 1727 du
137 1705 154 1727 Ζ
169 1704 177 1735 Η
193 1705 224 1727 17
244 1701 289 1728 uel
304 1703 383 1735 prius
397 1711 446 1728 nm.
462 1704 549 1728 noll
562 1704 570 1735 ll
586 1705 618 1728 18
639 1702 701 1737 cel]
721 1702 879 1728 uenerande
896 1704 916 1730 Ο,
930 1703 937 1735 ΙΙ
954 1704 986 1726 25
1007 1709 1087 1734 exag-

79 1738 290 1771 generacionem
305 1740 326 1766 Q.
339 1741 364 1763 et
380 1742 408 1764 ut
424 1739 475 1764 vicl.
490 1738 528 1763 Χι
