1266 1902
160 58 221 88 108
609 58 670 84 XIV
690 63 703 84 1

157 139 243 169 tione
278 139 374 169 animi
408 139 620 179 conprehendi
653 141 770 179 potest,
807 150 943 179 quonam
977 142 1069 180 paeto
1102 143 1157 171 aut

158 182 303 214 consulto
332 183 461 222 adsequi
490 185 606 222 queant
634 185 688 214 aut
716 184 776 223 ipsi
802 184 976 224 perspicere
1000 187 1031 215 et
1055 195 1156 224 repre-

157 227 306 265 hendere,
339 238 410 258 eum
443 227 475 257 in
507 229 571 257 tam
606 228 769 268 praecipiti
802 227 920 258 dierum
952 229 1156 268 noctiumque

158 271 312 311 vertigine
354 271 484 301 minima
525 273 684 301 momenta
725 272 868 312 ingentes
909 272 1010 303 faeere
1052 273 1157 302 dicant

114 323 146 346 27
159 315 382 345 mutationes?
416 315 465 345 Ad
486 318 679 355 postremum
700 318 804 346 autem
824 318 854 346 et
874 316 948 356 quid
963 319 1053 355 esset,
1073 316 1157 356 quod

158 359 322 389 adversum
352 359 412 390 hoe
441 359 501 389 diei
531 362 650 399 posset,
682 360 873 399 requirebat,
902 360 985 399 quod
1014 360 1157 391 homines

158 403 322 442 utriusque
351 414 456 442 sexus,
489 404 630 434 omnium
658 406 809 443 aetatum,
838 404 967 435 diversis
996 404 1157 435 stellarum

160 447 298 477 motibus
323 447 355 477 in
379 447 476 477 vitani
501 447 590 487 editi,
616 448 810 489 regionibus,
839 448 896 478 sub
921 448 1035 488 quibus
1059 449 1157 489 geniti

159 493 245 530 sunt,
272 492 367 532 longe
396 491 599 531 distantibus7
627 502 734 522 omnes
762 494 868 522 tamen
892 492 943 522 isti
967 494 1022 523 aut
1044 492 1157 523 hianti—

159 535 217 566 bus
246 536 336 565 terris
365 538 419 566 aut
446 536 625 566 labentibus
654 536 744 566 tectis
773 539 827 566 aut
851 536 1038 576 oppidorum
1063 548 1157 577 expu-

159 579 362 620 gnationibus
395 582 449 610 aut
482 579 589 610 eadem
623 580 654 610 in
686 581 758 610 navi
789 580 886 611 fluctu
915 580 1020 611 obruti
1049 581 1157 611 eodem

160 634 272 665 genere
302 624 412 654 mortis
440 624 612 664 eodemque
641 624 704 654 ictu
728 624 879 664 temporis
903 624 1041 655 universi
1065 625 1159 655 simul

115 675 147 698 28
160 668 331 698 interirent.
379 667 481 704 ‘Quod
509 668 640 699 scilieet'
669 668 771 708 inquit
800 669 983 708 ‘numquam
1012 669 1159 708 eveniret,

160 712 185 742 si
218 714 377 742 momenta
410 712 557 743 nascendi
591 713 722 753 singulis
755 712 914 742 adtributa
947 723 1017 742 suas
1048 724 1157 743 unum-

116 764 148 787 29
161 756 298 796 quidque
322 756 407 796 leges
431 756 591 787 haberent.
636 756 726 793 Quod
750 757 775 787 si
800 756 963 796 quaedam'
988 757 1091 796 inquit
1116 757 1159 787 ‘in

159 799 323 830 hominum
352 803 453 830 morte
481 803 576 840 atque
603 801 668 831 vita
692 801 784 831 etiam
810 801 939 831 diversis
963 801 1158 841 temporibus

160 845 316 874 editorum
336 855 391 884 per
411 845 569 875 stellarum
590 855 679 885 pares
695 844 845 884 quosdam
862 847 971 884 postea
986 847 1158 875 conventus

159 889 246 928 paria
278 889 431 919 nonnulla
465 891 495 919 et
525 889 702 919 consimilia
730 899 820 929 posse
850 889 957 919 dicunt
986 889 1159 930 optingere,

160 943 215 963 cur
246 943 310 962 non
343 933 512 972 aliquando
546 933 668 973 possint
699 933 803 963 omnia
832 943 957 972 quoque
985 933 1072 973 paria
1100 944 1158 963 usu

160 977 279 1016 venire,
307 979 342 1007 ut
366 977 503 1007 existant
526 988 582 1017 per
604 977 820 1007 huiuscemodi
845 977 1006 1007 stellarum
1032 988 1158 1008 coneur-

160 1021 263 1051 siones
292 1023 323 1051 et
351 1020 572 1052 similitudines
602 1020 748 1051 Socratae
777 1021 869 1051 simul
898 1023 928 1051 et
952 1020 1159 1051 Antisthenae

161 1068 191 1095 et
210 1064 358 1095 Platones
379 1066 470 1095 multi
491 1075 613 1105 genere,
636 1065 745 1105 forma,
769 1066 905 1106 ingenio,
928 1065 1075 1105 moribus,
1095 1066 1160 1096 vita

161 1110 247 1139 omni
271 1112 302 1139 et
326 1111 426 1139 morte
451 1110 539 1149 pari?
564 1109 648 1149 quod
667 1110 876 1149 nequaquam’
896 1109 1000 1149 inquit
1021 1109 1159 1149 ‘prorsus

117 1161 149 1184 30
160 1154 228 1183 fieri
256 1155 368 1193 potest.
414 1153 489 1183 Non
517 1154 614 1194 igitur
642 1153 700 1184 hac
728 1164 820 1184 eausa
848 1153 945 1193 probe
968 1154 1016 1184 uti
1040 1156 1160 1193 queunt

160 1197 325 1227 adversum
362 1196 527 1227 hominum
565 1198 699 1237 impares
733 1200 833 1236 ortus,
869 1197 1014 1228 interitus
1048 1198 1157 1237 pares.⁷
1174 1210 1185 1228 2

117 1250 147 1272 31
161 1241 243 1272 Illud
275 1243 381 1272 autem
414 1241 591 1272 condonare
620 1252 651 1272 se
679 1241 728 1272 his
757 1241 891 1277 dicebat,
925 1241 1009 1281 quod
1036 1252 1101 1272 non
1128 1241 1159 1272 id

161 1296 287 1325 quoque
311 1286 491 1325 requireret,
516 1286 541 1316 si
566 1286 648 1316 vitae
668 1286 840 1325 mortisque
859 1285 1023 1315 hominum
1044 1297 1159 1316 rerum-

162 1340 222 1369 que
249 1329 457 1360 humanarum
485 1330 625 1360 omnium
650 1332 773 1369 tempus
798 1332 828 1360 et
851 1330 932 1359 ratio
957 1331 987 1359 et
1012 1340 1104 1360 eausa
1128 1330 1159 1360 in

161 1374 247 1404 caelo
272 1376 303 1404 et
326 1374 409 1414 apud
434 1374 540 1404 stellas
563 1374 654 1413 foret,
678 1373 753 1413 quid
778 1374 814 1403 de
838 1374 953 1404 muscis
975 1375 1030 1404 aut
1049 1374 1159 1404 vermi-

162 1418 240 1448 culis
264 1420 318 1448 aut
342 1417 470 1457 echinis,
497 1418 604 1448 multis
628 1418 697 1448 aliis
721 1418 939 1448 minutissimis
963 1420 1045 1448 terra
1070 1418 1159 1448 mari-

162 1472 222 1501 que
263 1462 475 1492 animantibus
516 1461 674 1492 dicerent‘.>
716 1472 755 1492 an
792 1462 851 1492 ista
890 1472 1015 1501 quoque
1052 1462 1160 1501 isdem,

233 1568 264 1590 12
285 1565 563 1598 Amm.xvn18‚1·2
584 1565 645 1590 xxi
660 1568 683 1597 9,
699 1568 714 1590 4

232 1665 246 1687 *2
262 1662 466 1695 deprehendere
476 1662 513 1687 Χ2
527 1664 535 1695 ΙΙ
550 1665 565 1688 8
581 1672 605 1695 q.
616 1661 675 1687 nati
687 1663 720 1687 11
732 1664 739 1694 ΙΙ
756 1665 786 1687 12
800 1671 844 1687 1111Δ
857 1662 937 1687 simul
949 1671 997 1688 om.
1008 1671 1026 1695 γ
1040 1663 1048 1695 Ι]
1064 1665 1095 1687 18
1106 1670 1159 1694 quo

162 1699 224 1730 (que
245 1700 274 1729 0,)
295 1697 397 1723 similia
416 1699 505 1730 (11121
528 1699 648 1723 socrates
668 1706 686 1723 s.
708 1699 735 1722 et
755 1697 925 1723 antisthenes
945 1699 972 1723 et
990 1697 1102 1730 platone
1119 1699 1138 1725 Q,
1152 1697 1161 1731 ΙΙ

162 1735 194 1757 30
214 1732 309 1758 multis
324 1741 372 1758 om.
390 1735 410 1761 Q,
424 1734 431 1766 ΙΙ
447 1736 478 1758 31
499 1733 551 1758 iste
567 1734 589 1758 d
608 1733 693 1758 istaec
709 1733 792 1758 Hertz

1174 549 1199 568 10

1174 770 1199 788 15

1174 990 1242 1011 20
