1266 1902
150 59 213 89 120
577 59 639 85 XIV
658 62 686 91 53
707 62 721 85 6

147 151 247 181 eaque
270 140 353 171 inter
377 151 429 170 eos
454 140 614 171 contentio
638 140 766 181 longius
791 140 964 180 duceretur,
988 151 1052 171 non
1072 140 1152 171 arbi-

147 187 248 215 tratus
280 195 338 225 ego
369 195 482 224 operae
510 185 647 224 pretium
677 195 744 215 esse
773 184 880 215 eadem
908 185 1004 215 istaec
1033 185 1152 215 diutius

148 228 255 259 audire
280 229 452 259 clamantes
477 230 779 269 conpugnantesque
804 229 875 259 illos
899 229 1020 269 reliqui.

628 324 674 356 VI

148 385 274 411 Cuimodi
300 386 366 416 sint,
392 393 463 418 quae
487 386 607 418 speciem
629 385 815 411 doctrinarum
834 386 970 417 habeant,
996 386 1043 411 sed
1063 394 1152 419 neque
1180 394 1192 411 5

184 421 323 447 delectent
346 429 435 453 neque
457 421 540 446 utilia
560 421 627 453 sint3
653 423 735 453 atque
754 421 824 447 inibi
844 421 878 447 de
898 421 1038 447 vocabulis
1059 421 1151 455 singu-

183 456 272 481 larum
291 456 402 482 urbium
421 457 619 489 regionumque
639 456 791 482 inmutatis.

122 529 134 550 1
215 519 321 550 Homo
341 520 432 550 nobis
448 520 622 559 familiaris,
643 519 674 550 in
689 520 865 550 litterarum
882 520 970 550 cultu
985 530 1048 550 non
1064 520 1152 561 igno-

148 564 220 594 bilis
258 575 470 605 magnamque
507 564 619 594 aetatis
653 565 773 604 partem
806 564 840 594 in
872 564 961 594 libris
998 566 1151 594 versatus:

150 608 318 638 ‘adiutum’
348 608 452 648 inquit
478 608 700 648 ‘ornatumque
729 609 801 638 volo
831 609 875 638 ire
903 610 1033 638 noctes
1057 608 1151 638 tuas’
1169 621 1193 640 ιο

148 654 179 682 et
208 651 302 682 simul
331 652 384 682 dat
412 653 491 682 mihi
519 652 637 683 librum
666 652 776 693 grandi
804 652 966 682 volumine
991 652 1152 683 doctrinae

148 697 351 737 omnigenus,
374 699 410 727 ut
434 697 502 737 ipse
526 696 663 736 dicebat,
687 698 947 736 praescatentem,
973 707 1066 736 quem
1091 696 1152 727 sibi

148 740 345 771 elaboratum
379 751 445 771 esse
479 741 524 771 ait
557 751 594 771 ex
628 741 735 771 multis
768 743 799 771 et
832 740 925 770 variis
959 743 990 770 et
1022 741 1152 771 remotis

147 785 346 825 lectionibus,
370 787 406 815 ut
430 796 468 815 ex
492 795 528 815 eo
554 795 719 824 sumerem,
743 787 896 824 quantum
916 784 1030 815 liberet
1048 795 1152 815 rerum

121 830 299 860 -2me1110ria
328 829 503 870 dignarum.
550 828 681 869 Accipio
710 829 842 869 cupidus
871 831 902 859 et
930 828 1046 868 libens,
1074 831 1152 859 tam-
1168 841 1192 860 15

147 884 242 913 quam
267 874 293 904 si
318 872 435 913 Copiae
460 884 590 904 cornum
615 875 725 904 nactus
749 884 863 912 essem,
887 874 918 903 et
941 873 1078 903 recondo
1103 884 1152 903 me

148 918 283 958 penitus,
308 920 343 948 ut
367 918 434 948 sine
459 917 586 948 arbitris
610 918 722 959 legam.

120 970 135 993 3
213 961 257 992 At
281 973 360 1002 quae
380 962 424 992 ibi
445 962 561 1002 scripta
582 964 679 1001 erant,
702 972 758 1001 pro
778 960 931 1001 Iuppiter,
955 971 1041 991 mera
1061 961 1152 991 mira-

148 1006 231 1036 cula!
265 1017 326 1046 quo
360 1007 488 1037 nomine
520 1006 628 1044 fuerit,
662 1006 716 1045 qui
748 1006 868 1045 primus
903 1005 1151 1046 ‘grammaticus'

147 1049 326 1090 appellatus
356 1052 416 1089 est3
445 1053 476 1080 et
504 1052 582 1090 quot
609 1050 727 1080 fuerint
750 1049 991 1090 Pythagorae
1020 1049 1152 1089 nobiles,
1167 1061 1192 1080 20

147 1096 226 1134 quot
258 1094 530 1134 Hippoci·atae;
565 1096 596 1125 et
629 1093 804 1124 cuiusmodi
837 1094 934 1124 fuisse
967 1093 1152 1124 Homerus

148 1138 221 1177 (Od.
241 1138 350 1169 XXI]
372 1140 449 1175 1253·
475 1138 550 1173 137)
584 1138 668 1169 dicat
696 1138 728 1168 in
756 1137 860 1168 Vlixis
889 1138 982 1168 domo
1012 1138 1151 1177 λαύρηνς

147 1185 178 1213 et
206 1194 299 1223 quam
328 1182 368 1212 ob
394 1192 519 1213 causam
545 1182 617 1221 (Od.
638 1182 707 1213 XV
721 1182 777 1222 44)
803 1181 1008 1212 Telemachus
1034 1181 1152 1212 cubans

146 1227 279 1257 iunctim
304 1227 364 1257 sibi
387 1227 554 1257 cubantem
574 1226 774 1257 Pisistratum
795 1237 859 1256 non
878 1237 973 1256 manu
994 1226 1152 1267 adtigerit,

147 1270 201 1302 sed
225 1271 313 1311 pedis
338 1271 402 1302 ictu
427 1271 585 1311 excitarim
612 1273 642 1301 et
666 1270 738 1310 (Od.
755 1270 866 1305 1441)
890 1269 1040 1310 Euryclia
1065 1269 1151 1300 Tele·
1167 1281 1191 1300 25

220 1370 250 1392 13
275 1367 363 1392 Amm.
384 1366 458 1391 XXX
478 1369 502 1398 4,
524 1369 554 1391 12
664 1368 695 1391 16
720 1366 768 1390 cfr.
789 1365 862 1397 Otto,
886 1365 1016 1398 Sprichw.
1037 1374 1062 1398 p.
1084 1367 1117 1390 94

147 1405 179 1427 *20
200 1402 279 1435 Diog.
296 1402 324 1427 L.
341 1402 402 1427 Vm
415 1406 438 1433 1,
449 1405 481 1427 ‘25
493 1404 547 1435 (46)
563 1401 632 1427 Plin.
644 1401 755 1426 XXXIV
766 1403 790 1432 S,
802 1403 834 1426 59
943 1404 975 1425 ‘22
987 1409 1045 1433 sqq.
1067 1400 1150 1425 schol.

147 1439 175 1462 et
190 1437 315 1463 Eustath.
333 1437 368 1462 ad
383 1437 461 1463 Hom.
478 1437 494 1462 l.
511 1437 528 1462 l.

218 1529 230 1551 1
253 1526 391 1551 diceretur
406 1535 424 1558 γ
438 1534 505 1551 corr.
520 1524 558 1550 Χ2
571 1526 580 1557 ΙΙ
596 1528 610 1550 2
625 1525 680 1550 ista
694 1524 782 1557 h(a>ec
799 1525 836 1557 (et
851 1525 905 1553 ΤΥ)
922 1534 942 1549 ω
962 1532 1028 1550 corr.
1045 1524 1129 1550 Hertz
1143 1524 1153 1558 ΙΙ

148 1564 179 1586 10
205 1561 386 1593 adiutumque
405 1563 428 1585 N
451 1564 458 1592 ΙΙ
485 1564 514 1585 11
541 1562 583 1586 set
602 1561 624 1586 d
645 1561 648 1594 Ι
670 1560 802 1585 doctrinis
823 1559 976 1593 omnigenis
995 1569 1013 1592 γ
1036 1561 1044 1592 ΙΙ
1070 1562 1100 1584 12
1120 1560 1152 1584 ut

147 1597 220 1622 omni
245 1604 331 1629 genus
352 1596 410 1629 ipse
430 1599 446 1620 Ζ
466 1597 474 1629 Η
495 1599 526 1621 15
549 1595 704 1629 tamquam]
725 1594 855 1627 quoniam
876 1596 897 1620 d·
916 1596 923 1627 ΙΙ
944 1597 975 1620 1ss
1001 1602 1084 1619 cornu
1103 1602 1152 1619 na-

145 1633 190 1657 tus
206 1633 239 1657 11
257 1640 369 1657 cornum
389 1632 467 1656 actus
485 1632 506 1657 d·
520 1633 528 1663 Η
546 1634 576 1656 18
597 1632 680 1664 atque
699 1633 739 1664 γΖ
756 1631 760 1664 1
776 1630 816 1655 ibi
836 1638 884 1655 om..
900 1632 977 1655 NOX
991 1631 999 1662 ΙΙ
1013 1632 1045 1655 21
1066 1629 1151 1655 fuisse

146 1676 196 1693 om.
212 1676 230 1700 γ
244 1668 251 1700 ΙΙ
267 1670 299 1692 22
315 1667 419 1700 λαύρην
435 1668 463 1692 et
478 1667 562 1692 Hertz
577 1665 755 1691 ΛΔΙΡΗΝΕΟ
772 1666 835 1697 (ΕΟ
846 1667 918 1698 ’1112)
933 1668 956 1689 X
972 1665 1151 1690 ὰΔΥΡΗΝΕΟ

146 1703 253 1735 (Aere.
265 1704 296 1735 Y)
310 1703 365 1734 sere
381 1712 401 1727 ω
417 1703 548 1735 Σειρῆνες
563 1710 577 1727 σ
592 1704 748 1735 μνηστῆρας
762 1701 906 1733 Scioppius
920 1702 928 1733 ΙΙ
943 1703 976 1725 24
991 1700 1115 1725 iunctum
1131 1710 1151 1725 ω

145 1746 213 1764 carr.
231 1738 326 1763 Carrio
343 1738 346 1770 Ι
362 1737 554 1770 pisistrantem
570 1738 591 1762 d·
