1266 1902
149 47 210 78 166
575 47 639 73 XVI
658 51 686 79 53
707 50 721 72 6

146 129 321 169 antiquitus
345 129 512 168 faciebant,
535 129 641 159 locum
665 131 738 159 ante
757 129 883 159 ianuam
905 139 1038 159 vacuum
1058 128 1149 158 relin-

147 173 298 213 quebant,
325 173 379 212 qui
403 173 486 203 inter
508 173 592 203 fores
616 173 727 203 domus
752 175 783 203 et
807 173 890 203 viam
915 173 1036 203 medius
1060 174 1150 203 esset.

120 217 183 248 9In
207 228 243 248 eo
268 218 348 256 loeo,
372 217 426 256 qui
451 217 614 247 dominum
639 217 705 247 eius
724 217 841 251 ,domus
866 217 1037 247 salutatum
1060 227 1150 247 vene-

145 264 229 301 rant,
258 262 440 301 priusquam
471 261 725 301 admitterentur,
753 261 968 292 consistebant
995 263 1025 291 et
1049 271 1150 300 neque

103 314 135 337 10
146 306 179 336 in
208 306 258 336 via
287 305 412 336 stabant
436 316 538 345 neque
562 305 645 335 intra
668 304 753 335 aedis
777 307 874 336 erant.
920 304 971 335 Ab
996 305 1050 335 illa
1075 315 1150 345 ergo
1179 317 1190 336 5

145 350 273 391 grandis
301 350 363 380 loci
392 350 584 380 consistione
610 351 641 379 et
665 349 755 389 quasi
780 349 914 389 quadam
940 349 1151 379 stabulatione

144 394 301 425 vestibula
324 394 484 434 appellata
508 396 581 424 sunt
603 394 714 433 spatia⁷
738 394 830 424 sicuti
850 393 996 432 diximus,
1020 393 1151 434 grandia

145 440 217 469 ante
241 438 324 468 fores
349 438 473 468 aedium
496 438 615 476 relicta,
638 438 671 468 in
691 438 804 477 quibus
825 439 953 477 starent,
977 437 1031 477 qui
1050 437 1152 467 venis-

104 492 132 513 11
146 484 228 519 sent,
262 483 445 522 priusquam
478 483 510 512 in
539 482 667 512 domum
696 482 991 512 intromitterentur.
1041 480 1151 512 Memi-

145 527 229 557 nisse
261 529 366 557 autem
399 526 582 557 debebimus
611 526 643 556 id
671 526 860 557 vocabulum
890 536 954 556 non
982 536 1106 565 semper
1133 536 1151 555 a
1168 537 1191 556 10

145 571 304 602 veteribus
329 570 535 611 scriptoribus
560 570 696 610 proprie,
720 570 773 601 sed
797 581 852 610 per
876 569 1027 609 quasdam
1051 571 1151 600 trans-

145 615 279 646 lationes
309 626 375 645 esse
404 615 537 654 dietum,
566 625 645 654 quae
673 616 779 645 tamen
808 614 852 644 ita
877 615 950 644 sunt
973 614 1088 653 factae,
1116 615 1152 644 ut

145 659 184 690 ab
209 659 283 699 ista,
307 659 344 689 de
369 670 430 699 qua
455 659 605 697 diximus,
632 659 823 698 proprietate
848 669 912 688 non
936 658 1030 699 longe
1055 658 1151 688 desei-

146 704 261 743 verint,
285 704 366 734 sieut
390 703 468 733 illud
492 703 525 733 in
549 704 657 733 sexto
682 702 847 743 Vergilii
872 703 926 738 (A.
948 702 1100 742 V1273):

189 765 419 795 vestibulum
445 767 531 795 ante
550 765 671 804 ipsum
692 764 901 804 primisque
920 764 957 794 in
976 764 1151 795 faucibus
1167 775 1190 795 15

727 807 813 838 Oroi

188 853 329 884 Luctus
354 856 389 883 et
413 853 573 884 ultrices
598 863 755 893 posuere
780 852 923 883 cubilia
947 851 1078 891 Curae3

102 924 133 946 12
145 926 209 945 non
238 915 321 945 enim
348 915 541 945 vestibulum
566 915 703 955 priorem
728 916 849 954 partem
875 914 987 944 domus
1011 913 1151 944 infernae

145 970 212 990 esse
236 960 321 999 dicit7
345 959 429 998 quod
455 959 604 999 obrepere
629 961 743 998 potest,
766 961 928 998 tamquam
954 958 979 988 si
1003 958 1047 988 ita
1069 958 1150 988 dica-

145 1006 210 1043 tury
239 1004 292 1034 sed
321 1004 390 1034 loca
415 1003 476 1033 duo
501 1003 697 1033 demonstrat
720 1005 807 1033 extra
832 1003 897 1033 orei
920 1002 1018 1041 fores,
1047 1002 1150 1032 ‘vesti-
1167 1014 1191 1033 20

145 1047 266 1078 bulum’
293 1050 323 1078 et
348 1047 487 1086 ‘fauces’,
511 1058 548 1077 ex
572 1047 687 1087 quibus
707 1046 898 1077 vestibulum
919 1047 1059 1086 appellat
1078 1048 1150 1076 ante

146 1093 246 1132 ipsam
285 1092 374 1131 quasi
412 1092 540 1122 domum
580 1093 610 1121 et
647 1093 720 1121 ante
756 1091 825 1130 ipsa
859 1090 931 1121 Orci
969 1090 1151 1130 penetralia.

145 1136 251 1167 fauces
275 1138 380 1166 autem
406 1138 499 1166 vocat
522 1136 582 1166 iter
605 1137 785 1176 angustum,
808 1146 864 1174 per
888 1135 972 1174 quod
996 1135 1034 1165 ad
1059 1135 1151 1165 vesti-

148 1181 255 1211 bulum
280 1181 437 1211 adiretur.'

624 1240 669 1271 VI
1166 1253 1189 1271 25

144 1302 267 1333 Hostiae,
288 1310 358 1335 quae
374 1302 504 1327 dicuntur
520 1301 679 1332 ‘bidentes'‚
695 1300 762 1334 quid
778 1301 833 1326 sint
849 1302 876 1325 et
891 1309 974 1333 quam
989 1300 1023 1325 ob
1040 1309 1151 1326 eausam

180 1337 399 1398 isigaltzplpizlgatae
419 1337 487 1367 eint2
508 1345 644 1370 superque
664 1344 697 1362 ea
713 1344 742 1362 re
757 1335 785 1360 P⁴
801 1335 910 1369 Nigidii
925 1338 952 1362 et
967 1335 1030 1361 Iulii
1046 1336 1150 1369 Hygini

120 1445 131 1467 1
213 1436 392 1466 Redeuntes
423 1434 552 1466 Graecia
576 1435 779 1465 Brundisium
808 1445 920 1465 navem
949 1434 1149 1465 advertimus.

145 1479 192 1510 Ibi
217 1480 373 1520 quispiam
398 1480 526 1521 linguae
550 1479 681 1510 Latinae
704 1479 862 1509 litterator
886 1478 987 1509 Roma
1011 1490 1029 1508 a
1050 1478 1149 1509 Brun—
1165 1491 1189 1510 30

119 1524 255 1555 ‘ldisim's
277 1524 446 1555 accersitus
467 1524 695 1564 experiundum
716 1534 783 1553 sese
801 1523 898 1563 vulgo
919 1523 1021 1554 dabat.
1063 1522 1148 1553 Imus

1245 1414 1247 1501 Ξ

1246 1508 1247 1523 1

1246 1599 1247 1619 1

1246 1637 1248 1659 ἰ

217 1614 229 1636 1
250 1619 369 1636 uacuum
385 1619 433 1636 om.
449 1619 467 1644 y
481 1612 489 1643 ΙΙ
505 1614 519 1635 G
540 1610 705 1635 constitione
722 1618 736 1635 6
751 1609 879 1642 (consitio
895 1610 978 1639 Non.)
993 1611 1001 1642 ΙΙ
1018 1612 1047 1634 11
1065 1609 1150 1642 scrip-

144 1646 250 1671 toribus
270 1654 319 1671 mn.
339 1647 427 1671 NOH
444 1647 452 1678 Η
472 1649 502 1670 21
524 1654 549 1677 q.
571 1647 598 1671 et
617 1646 685 1670 uest.
706 1654 724 1678 γ
741 1647 743 1677 Ι
762 1644 905 1677 appellant
925 1645 980 1673 Q¹Z
994 1646 1002 1677 ΙΙ
1018 1647 1050 1669 22
1070 1644 1149 1676 quasi

144 1698 193 1716 om.
213 1699 232 1724 γ
248 1690 251 1725 Ι
269 1691 296 1715 et
320 1699 368 1715 own.
389 1693 406 1714 Z
430 1691 438 1722 Η
462 1692 493 1714 27
519 1691 584 1714 sunt
606 1690 665 1714 ΠΧ
682 1690 684 1722 Ι
703 1697 784 1722 super
808 1696 892 1721 quare
913 1691 932 1717 0,
956 1684 1038 1722 supc>13
1062 1696 1091 1714 re
1110 1691 1127 1713 Ζ
1144 1688 1146 1722 Ι

144 1725 201 1751 VH.
222 1725 250 1750 P.
271 1725 365 1758 Nigid.
382 1734 400 1759 γ
413 1726 421 1757 ΙΙ
437 1727 468 1750 29
490 1724 566 1759 (ex)
587 1724 703 1750 Graecia
719 1725 803 1750 Herm
820 1726 823 1757 Ι
840 1724 974 1750 brundusi
990 1726 1009 1752 Q
