1266 1902
126 76 168 107 34
561 77 611 102 ΧΠ
632 80 659 109 33
679 81 695 103 4

125 158 214 189 tinet.
262 157 344 188 Nam
375 159 456 188 sieut
484 169 501 188 a
531 158 681 199 ‘ligando'
713 158 837 198 ‘lictor'‚
866 160 897 189 et
925 169 942 189 a
972 158 1129 200 ‘legendo’

87 239 90 242 Α
127 202 247 233 ‘lector’
287 205 318 233 et
355 213 372 232 a
408 202 544 233 ‘viendo’
580 203 684 232 ‘vitor’
719 204 750 233 et
783 202 922 233 ‘tuendo’
957 203 1065 233 ‘tutor’
1100 205 1132 233 et

127 246 298 277 ‘struendo'
339 246 499 276 ‘structor'
536 246 713 286 productis,
755 257 834 286 quae
872 247 1131 287 corripiebantur,

126 290 289 321 vocalibus
315 290 398 320 dicta
424 292 504 320 sunt.

604 386 651 418 IV

124 447 226 473 Veisus
247 447 355 481 accepti
376 456 407 473 ex
427 447 456 479 Q.
474 447 556 472 Ennii
577 448 693 480 septimo
714 447 864 480 annalium
885 448 984 488 quibus
1005 448 1131 482 depingi-

160 484 205 508 tur
233 483 382 515 finiturque
411 483 553 516 ingenium
582 483 752 516 comitasque
781 483 899 509 hominis
928 483 1040 509 minoris
1065 491 1131 517 erga

162 519 281 544 amicum
302 518 478 551 superiorem.

99 590 112 611 1
190 581 393 622 Descriptuin
424 581 652 621 definitumque
675 584 722 612 est
746 592 763 612 a
788 581 926 618 Quinto
951 581 1073 612 Ennio
1097 582 1131 612 in

125 626 253 656 annali
296 626 456 666 septimo
499 625 648 666 graphice
686 626 855 656 admodum
894 627 1033 666 sciteque
1071 626 1129 656 sub

124 670 258 700 historia
283 668 406 700 Gemini
432 668 558 709 Servili,
582 670 641 700 viri
665 670 795 710 nobilis,
819 681 882 710 quo
906 670 1043 711 ingenio,
1068 681 1130 710 qua

126 715 287 753 comitate,
317 724 378 754 qua
407 714 574 753 modestia,
603 725 664 754 qua
693 714 767 754 fide,
796 725 857 754 qua
883 714 1009 755 linguae
1033 715 1129 755 parsi-

125 758 245 798 monia,
270 769 331 798 qua
355 758 505 798 loquendi
531 759 754 799 oportunitate,
781 760 899 798 quanta
922 769 1026 789 rerum
1051 758 1130 789 anti-

125 813 258 843 quarum
305 813 493 842 morumque
540 805 679 833 veterum
724 813 759 833 ac
801 813 955 833 novorum
999 802 1129 833 scientia

125 849 305 887 quantaque
335 847 477 877 servandi
506 847 677 887 tuendique
702 847 812 877 secreti
836 847 1002 888 religione,
1032 846 1129 887 quali-

125 891 184 922 bus
218 891 352 930 denique
386 891 423 921 ad
457 891 642 921 muniendas
671 891 754 922 vitae
781 891 942 922 molestias
970 891 1129 930 fomentis,

124 935 323 974 levamentis,
361 935 486 965 solaciis
523 935 659 966 amicum
693 946 759 966 esse
793 935 960 966 conveniat
990 934 1129 965 hominis

98 988 238 1020 ngenere
276 981 307 1009 et
343 979 470 1009 fortuna
503 980 681 1019 superioris.
736 979 800 1010 Eos
834 990 892 1020 ego
925 990 1033 1010 versus
1065 989 1130 1009 non

125 1024 228 1054 minus
266 1023 424 1063 frequenti
461 1023 655 1063 adsiduoque
692 1026 868 1054 memoratu
906 1023 1018 1064 dignos
1051 1025 1129 1063 puto

99 1075 218 1108 3qua1n
244 1067 508 1108 philosophorum
529 1068 565 1098 de
586 1068 699 1098 officiis
720 1068 851 1098 decreta.
893 1066 943 1097 Ad
962 1067 1023 1098 hoe
1043 1068 1130 1098 color

125 1112 253 1151 quidam
283 1112 448 1142 vetustatis
477 1112 510 1142 in
533 1111 582 1142 his
607 1112 748 1143 versibus
772 1114 837 1142 tani
861 1110 1049 1142 reverendus
1073 1113 1129 1151 est,

124 1157 262 1186 suavitas
292 1158 356 1186 tani
385 1156 577 1196 inpromisca
605 1158 734 1196 tamque
759 1167 777 1186 a
800 1156 873 1187 fuco
898 1156 984 1186 omni
1007 1158 1129 1186 remota

125 1202 184 1239 est,
208 1202 243 1230 ut
267 1211 336 1230 niea
360 1200 486 1239 quidem
512 1201 667 1231 sententia
691 1211 748 1241 pro
773 1200 911 1240 antiquis
936 1200 1128 1239 sacratisque

124 1245 281 1275 amicitiae
309 1244 434 1285 legibus
464 1244 664 1283 observandi,
692 1245 820 1275 tenendi
847 1244 1032 1283 colendique
1057 1244 1128 1274 sint.

97 1287 325 1329 4Quapropter
355 1288 576 1319 adscribendos
606 1299 659 1319 eos
688 1289 878 1329 existimavi,
912 1289 937 1319 si
966 1288 1036 1328 quis
1066 1288 1127 1318 iam

125 1333 231 1363 statim
257 1332 447 1363 desideraret
470 1332 549 1372 (294
561 1333 609 1364 M.
624 1335 685 1363 194
697 1332 762 1373 BQ:

168 1394 281 1425 haece
323 1395 474 1425 locutus
516 1397 639 1434 vocat,
684 1405 841 1434 quocun]
884 1394 976 1425 bene
1018 1405 1129 1434 saepe

704 1439 870 1469 libenter

195 1519 209 1541 3
231 1516 312 1549 (Serv.
329 1516 360 1541 A.
376 1516 387 1541 1
404 1519 453 1542 704
473 1516 544 1541 GLK
558 1516 595 1542 Vi
611 1519 670 1550 493,
686 1517 711 1550 2>

196 1615 207 1637 1
230 1613 268 1638 sic·
289 1621 304 1638 a
324 1613 340 1638 l.
361 1613 387 1645 l«,
407 1615 438 1638 ut
458 1622 474 1638 a
494 1622 508 1638 σ
527 1615 535 1646 Η
555 1617 568 1638 2
588 1613 709 1639 uiuendo
728 1614 817 1639 uictor
835 1623 854 1638 ω
875 1622 940 1639 corr.
957 1613 1127 1643 Laclmmnn,

123 1648 172 1680 cfr*
195 1648 281 1673 GLK
304 1649 345 1674 VI
361 1650 406 1677 56,
427 1651 460 1674 17
487 1649 624 1674 uincendo
652 1649 742 1674 uictor
766 1657 781 1677 ς
809 1651 817 1681 Η
847 1651 860 1673 7
890 1648 1056 1682 fingiturque
1080 1650 1099 1672 B
1119 1648 1127 1682 Η

125 1686 139 1708 9
160 1682 216 1708 diff.
233 1684 254 1708 d·
273 1685 281 1715 Η
302 1686 333 1708 10
352 1683 422 1709 Vm.
439 1683 505 1717 Hzc'y
523 1685 525 1717 Ι
542 1684 667 1717 gratifice
683 1687 702 1712 Q,
721 1686 729 1717 Η
750 1687 780 1709 16
800 1684 951 1710 minuenda
968 1692 982 1711 ς
998 1684 1006 1716 ΙΙ
1021 1686 1053 1708 22
1074 1691 1128 1715 que

124 1726 173 1744 om.
194 1718 226 1746 αἱ
245 1720 253 1751 Η
273 1721 304 1743 27
326 1718 415 1751 h(‘a)ec
435 1719 558 1744 elocutus
579 1729 599 1744 ω
619 1728 685 1745 corr.
702 1719 735 1744 ΞΒ2
751 1722 753 1753 Ι
771 1720 900 1753 quocum]
920 1721 966 1744 ΤΥ
989 1718 1127 1751 quodcum

125 1754 207 1786 (quod
228 1761 289 1779 eum
306 1755 335 1786 Q)
352 1764 371 1778 ω

1146 641 1171 660 10

1145 861 1169 880 15

1144 1081 1170 1100 ‘20

1143 1301 1168 1320 25
